%% This BibTeX bibliography file was created using BibDesk.
%% http://bibdesk.sourceforge.net/


%% Created for Haitham A. El-Ghareeb at 2013-03-22 01:14:22 +0200 


%% Saved with string encoding Unicode (UTF-8) 



@techreport{ES07,
	Author = {Andrew Josey},
	Date-Added = {2013-01-09 13:04:58 +0000},
	Date-Modified = {2013-01-09 13:05:56 +0000},
	Institution = {The Open Group},
	Title = {TOGAF Version 9.1 - Enterprise Edition},
	Year = {2011}}

@webpage{ES06,
	Author = {The Open Group},
	Date-Added = {2013-01-09 12:51:51 +0000},
	Date-Modified = {2013-01-09 13:04:56 +0000},
	Title = {TOGAF: Introduction},
	Url = {http://pubs.opengroup.org/architecture/togaf9-doc/arch/chap01.html},
	Year = {2011},
	Bdsk-Url-1 = {http://pubs.opengroup.org/architecture/togaf9-doc/arch/chap01.html}}

@url{ES05,
	Author = {Wikipedia},
	Date-Added = {2013-01-09 12:33:53 +0000},
	Date-Modified = {2013-01-09 12:34:12 +0000},
	Title = {Zachman Framework},
	Url = {http://en.wikipedia.org/wiki/Zachman_Framework},
	Bdsk-Url-1 = {http://en.wikipedia.org/wiki/Zachman_Framework}}

@electronic{ES04,
	Author = {Margaret Rouse},
	Date-Added = {2013-01-09 12:30:22 +0000},
	Date-Modified = {2013-01-09 12:30:47 +0000},
	Title = {Enterprise Architecture},
	Url = {http://searchcio.techtarget.com/definition/enterprise-architecture},
	Bdsk-Url-1 = {http://searchcio.techtarget.com/definition/enterprise-architecture}}

@webpage{ES03,
	Author = {Gartner},
	Date-Added = {2013-01-09 12:28:39 +0000},
	Date-Modified = {2013-01-09 12:28:54 +0000},
	Title = {Enterprise Architecture},
	Url = {http://www.gartner.com/it-glossary/enterprise-architecture-ea/},
	Bdsk-Url-1 = {http://www.gartner.com/it-glossary/enterprise-architecture-ea/}}

@url{ES02,
	Author = {Wikipedia},
	Date-Added = {2013-01-09 12:27:27 +0000},
	Date-Modified = {2013-01-09 12:27:48 +0000},
	Title = {Enterprise Architecture},
	Url = {http://en.wikipedia.org/wiki/Enterprise_architecture},
	Bdsk-Url-1 = {http://en.wikipedia.org/wiki/Enterprise_architecture}}

@url{ES01,
	Author = {The Open Group},
	Date-Added = {2013-01-09 12:22:06 +0000},
	Date-Modified = {2013-01-09 12:22:48 +0000},
	Title = {Enterprise Architecture},
	Url = {http://www3.opengroup.org/subjectareas/enterprise},
	Bdsk-Url-1 = {http://www3.opengroup.org/subjectareas/enterprise}}

@techreport{W33,
	Author = {E. Driver and C. Moore and P. Jackson and T. Keitt and C. Schooley and J. Barnett},
	Date-Added = {2013-01-07 13:38:33 +0000},
	Date-Modified = {2013-03-21 23:05:32 +0000},
	Institution = {Forrester Research, Inc.},
	Title = {Web3D: The Next Major Internet Wave For Information and Knowledge Management Professionals},
	Year = {2008}}

@techreport{W32,
	Author = {Lewis, G. A.},
	Date-Added = {2013-01-07 13:37:51 +0000},
	Date-Modified = {2013-01-07 13:38:26 +0000},
	Institution = {Carnegie Mellon University},
	Title = {Cloud Computing. SEI [Webinar]},
	Year = {2009}}

@inproceedings{W31,
	Author = {I. Foster and Y. Zhau and R. Ioan and S. Lu},
	Booktitle = {Grid Computing Environments Workshop},
	Date-Added = {2013-01-07 13:36:37 +0000},
	Date-Modified = {2013-03-21 23:03:29 +0000},
	Organization = {Cornell University Library},
	Title = {Cloud Computing and Grid Computing: 360-Degree Compared},
	Year = {2008}}

@book{W30,
	Author = {N. Pal and D. Pantaleo},
	Date-Added = {2013-01-07 13:35:47 +0000},
	Date-Modified = {2013-03-21 22:51:14 +0000},
	Publisher = {Springer},
	Title = {The Agile Enterprise: Reinventing Your Organization for Success in an on Demand World},
	Year = {2005}}

@article{W29,
	Author = {D. Leidner and R. Beatty and J. Mackay},
	Date-Added = {2013-01-07 13:34:45 +0000},
	Date-Modified = {2013-03-21 22:56:36 +0000},
	Journal = {MIS Quarterly Executive},
	Title = {How CIOs Manage IT During Economic Decline: Surviving and Thriving Amid Uncertainty},
	Volume = {2},
	Year = {2003}}

@book{W28,
	Author = {Baskerville, R.},
	Date-Added = {2013-01-07 13:34:13 +0000},
	Date-Modified = {2013-01-07 13:34:33 +0000},
	Publisher = {Springer},
	Title = {Business Agility and Information Technology Diffusion},
	Year = {2005}}

@book{W27,
	Author = {Evans, N.},
	Date-Added = {2013-01-07 13:33:41 +0000},
	Date-Modified = {2013-01-07 13:34:02 +0000},
	Publisher = {Prentice Hall},
	Title = {Business Agility: Strategies for Gaining Competitive Advantage Through Mobile Business Solutions},
	Year = {2001}}

@book{W26,
	Author = {Albin, S. T.},
	Date-Added = {2013-01-07 13:32:50 +0000},
	Date-Modified = {2013-01-07 13:33:34 +0000},
	Publisher = {John Wiley and Sons},
	Title = {The Art of Software Architecture: Design Methods and Techniques},
	Year = {2003}}

@techreport{W24,
	Author = {A. Lenhart and M. Maden},
	Date-Added = {2013-01-07 13:31:05 +0000},
	Date-Modified = {2013-03-21 22:56:06 +0000},
	Institution = {Pew Internet and American Life Project},
	Title = {Social Networking Web Sites and Teens},
	Year = {2007}}

@techreport{W23,
	Author = {Schooley C. and Charron C. and Driver E. Li C. and Fossner L.},
	Date-Added = {2013-01-07 13:30:05 +0000},
	Date-Modified = {2013-03-21 22:48:22 +0000},
	Institution = {Forrester Research, Inc.},
	Title = {Social Computing Reshapes eLearning: Informal Learning Becomes a Component in Blending Learning and Work},
	Year = {2006}}

@inproceedings{W22,
	Author = {I. Liccardi and A. Ounnas and R. Pau and E. Massey and P. Kinnunen and S. Lewthwaite and M. Midy and C. Sarkar},
	Booktitle = {Annual Joint Conference Integrating Technology into Computer Science Education, Working group reports on ITiCSE on Innovation and technology in computer science education. ACM, NY, USA.},
	Date-Added = {2013-01-07 13:28:53 +0000},
	Date-Modified = {2013-03-21 22:55:40 +0000},
	Title = {The role of social networks in students' learning experiences.},
	Year = {2007}}

@inproceedings{W21,
	Author = {D. Hill and B. Webster and E. Jezierski and S. Vasireddy and M. Al-Sabt and B. Wastell and J. Rasmusson and P. Gale and P. Slater},
	Booktitle = {Microsoft Patterns and Practices, Microsoft Corporation},
	Date-Added = {2013-01-07 13:27:35 +0000},
	Date-Modified = {2013-03-21 23:01:10 +0000},
	Title = {Smart Client Architecture and Design Guide},
	Year = {2004}}

@inproceedings{W20,
	Author = {A. Stone and J. Briggs and C. Smith},
	Booktitle = {IEEE International Workshop on Wireless and Mobile Technologies in Education (WMTE'02)},
	Date-Added = {2013-01-07 12:52:48 +0000},
	Date-Modified = {2013-03-21 23:12:22 +0000},
	Title = {SMS and Interactivity -- Some Results from the Field, and its Implications on Effective Uses of Mobile Technologies in Education},
	Year = {2002}}

@inproceedings{W18,
	Author = {Rogers Y. and Price S. and Fitzpatrick G. and Fleck R. and Harris E. and Smith H. and Randell C. and Muller H. and O'Malley C. and Stanton D. and Thompson M. and Weal M.},
	Booktitle = {IDC ACM Maryland, USA, ACM},
	Date-Added = {2013-01-07 12:50:05 +0000},
	Date-Modified = {2013-03-21 22:49:43 +0000},
	Title = {Ambient Wood: Designing New Forms of Digital Augmentation for Learning Outdoors},
	Year = {2004}}

@book{W17,
	Author = {Hulme, A. K. and John T.},
	Date-Added = {2013-01-07 12:49:13 +0000},
	Date-Modified = {2013-01-07 12:49:48 +0000},
	Publisher = {Routledge Falmer},
	Title = {Mobile Learning: A Handbook for Educators and Trainers (Open and Flexible Learning)},
	Year = {2005}}

@techreport{W16,
	Author = {Nagel, D.},
	Date-Added = {2013-01-07 12:47:57 +0000},
	Date-Modified = {2013-01-07 12:48:25 +0000},
	Institution = {Campus Technology},
	Title = {2Know Classroom Response System Gets Short Answer Feature},
	Year = {2009}}

@techreport{W15,
	Author = {McCrea, B.},
	Date-Added = {2013-01-07 12:47:10 +0000},
	Date-Modified = {2013-01-07 12:47:43 +0000},
	Institution = {Campus Technology},
	Title = {Purdu U Brings Social Networking to the Classroom: Hotseat allows students to text in class},
	Year = {2009}}

@techreport{W14,
	Author = {Schaffhauser, D.},
	Date-Added = {2013-01-07 12:45:39 +0000},
	Date-Modified = {2013-01-07 12:46:12 +0000},
	Institution = {Campus Technology.},
	Title = {iParadigms Updates Peer Review App.},
	Year = {2009}}

@techreport{W13,
	Author = {SUNGARD Higher Education Press.},
	Date-Added = {2013-01-07 12:44:36 +0000},
	Date-Modified = {2013-01-07 12:45:15 +0000},
	Institution = {SUNGARD Higher Education Press.},
	Title = {The New York Times Company and Epsilen Collaborate to Support Advances in e-Learning},
	Year = {2009}}

@techreport{W12,
	Author = {Fischman, J.},
	Date-Added = {2013-01-07 12:43:46 +0000},
	Date-Modified = {2013-01-07 12:44:18 +0000},
	Institution = {College of Liberal and Professional Studies, Penn LPS.},
	Title = {Continuing Education and Social Networking Combine to Attract Students},
	Year = {2009}}

@inproceedings{W11,
	Author = {E. K{\"u}fi and B. {\"O}zg{\"u}r},
	Booktitle = {World Conference on Educational Sciences - New Trends and Issues in Educational Sciences, Nicosia, North Cyprus},
	Date-Added = {2013-01-07 12:41:55 +0000},
	Date-Modified = {2013-03-21 22:57:03 +0000},
	Number = {1},
	Title = {Web 2.0 in learning English: the student perspective},
	Volume = {1},
	Year = {2009}}

@article{W10,
	Author = {H. Ajjan and R. Hartshorne},
	Date-Added = {2013-01-07 12:38:54 +0000},
	Date-Modified = {2013-03-21 23:12:01 +0000},
	Journal = {The Internet and Higher Education},
	Number = {2},
	Title = {Investigating faculty decisions to adopt Web 2.0 technologies: Theory and empirical tests},
	Volume = {11},
	Year = {2008}}

@techreport{W09,
	Author = {Agee, A. S. and Yang, C.},
	Date-Added = {2013-01-07 12:35:21 +0000},
	Date-Modified = {2013-01-14 18:44:23 +0000},
	Institution = {EduCAUSE},
	Number = {4},
	Title = {Top Ten IT Issues. EDUCAUSE Review},
	Type = {43},
	Year = {2009}}

@article{W08,
	Author = {Downes, S.},
	Date-Added = {2013-01-07 12:34:30 +0000},
	Date-Modified = {2013-01-07 12:35:03 +0000},
	Journal = {eLearn Magazine},
	Title = {Ten web 2.0 things you can do in ten minutes to be a more successful e-learning professional},
	Year = {2008}}

@incollection{W07,
	Author = {B. Alexander and A. Levine},
	Booktitle = {In EduCAUSE Review},
	Date-Added = {2013-01-07 12:32:20 +0000},
	Date-Modified = {2013-03-21 23:11:28 +0000},
	Number = {6},
	Pages = {40-56},
	Publisher = {EduCAUSE},
	Title = {Web 2.0 Storytelling. Emergence of a New Genre},
	Volume = {43},
	Year = {2008}}

@url{W06,
	Author = {CDW-G},
	Date-Added = {2013-01-07 12:31:13 +0000},
	Date-Modified = {2013-01-07 12:34:17 +0000},
	Title = {The 2009 21-st Century Campus Report},
	Url = {http://webobjects.cdw.com/webobjects/media/pdf/Newsroom/CDWG-21st-Century-Campus-1009.pdf},
	Urldate = {2009},
	Bdsk-Url-1 = {http://webobjects.cdw.com/webobjects/media/pdf/Newsroom/CDWG-21st-Century-Campus-1009.pdf}}

@techreport{W05,
	Author = {S. Fox and K. Zickuhr and A. Smith},
	Date-Added = {2013-01-07 12:30:07 +0000},
	Date-Modified = {2013-03-21 23:03:01 +0000},
	Institution = {Pew Internet and American Life Project},
	Title = {Twitter and Status Updating},
	Year = {2009}}

@techreport{W04,
	Author = {Aaron Smith},
	Date-Added = {2013-01-07 12:29:02 +0000},
	Date-Modified = {2013-01-14 18:47:03 +0000},
	Institution = {Pew Internet and American Life Project},
	Title = {Twitter Update},
	Year = {2011}}

@inproceedings{W03,
	Author = {Grosseck, G.},
	Booktitle = {World Conference on Educational Sciences, New Trends and Issues in Educational Sciences.},
	Date-Added = {2013-01-07 12:27:34 +0000},
	Date-Modified = {2013-01-07 12:34:03 +0000},
	Number = {1},
	Organization = {El-Sevier, Nicosia, North Cyprus.},
	Title = {To use or not to use web 2.0 in higher education?},
	Volume = {1},
	Year = {2009}}

@book{W02,
	Author = {Pollock, J. T.},
	Date-Added = {2013-01-07 12:25:16 +0000},
	Date-Modified = {2013-01-07 12:33:58 +0000},
	Publisher = {Wiley Publishing},
	Title = {Semantic Web for Dummies},
	Year = {2009}}

@article{W01,
	Author = {El-Ghareeb, Haitham A.},
	Date-Added = {2013-01-07 12:24:02 +0000},
	Date-Modified = {2013-01-07 12:33:53 +0000},
	Journal = {eLearn Magazine, ACM},
	Title = {E-Learning and Management Information Systems: Universities Need Both},
	Year = {2009}}

@url{SOAvsCBA-1,
	Author = {Ian Sommerville},
	Date-Added = {2013-01-05 12:00:00 +0000},
	Date-Modified = {2013-01-05 12:00:35 +0000},
	Title = {Service-oriented and component-oriented approaches},
	Url = {http://www.cs.st-andrews.ac.uk/~ifs/Books/SE9/Web/Services/Comps.html},
	Urldate = {2008},
	Bdsk-Url-1 = {http://www.cs.st-andrews.ac.uk/~ifs/Books/SE9/Web/Services/Comps.html}}

@webpage{SOAvsCBA,
	Author = {Helmut Petritsch},
	Date-Added = {2013-01-05 11:48:24 +0000},
	Date-Modified = {2013-01-14 18:41:44 +0000},
	Title = {Service Oriented Architecture vs. Component Based Architecture},
	Url = {http://67.207.137.15/paper/filename/32/SOA_vs_Component_Based_Architecture.pdf},
	Bdsk-Url-1 = {http://67.207.137.15/paper/filename/32/SOA_vs_Component_Based_Architecture.pdf}}

@url{RESTful,
	Author = {Ian Sommerville},
	Date-Added = {2013-01-05 11:09:15 +0000},
	Date-Modified = {2013-01-05 11:10:07 +0000},
	Title = {RESTful web services},
	Url = {http://www.cs.st-andrews.ac.uk/~ifs/Books/SE9/Web/Services/REST/},
	Urldate = {2008},
	Bdsk-Url-1 = {http://www.cs.st-andrews.ac.uk/~ifs/Books/SE9/Web/Services/REST/}}

@book{SWE9,
	Author = {Ian Sommerville},
	Date-Added = {2013-01-05 11:07:34 +0000},
	Date-Modified = {2013-01-05 11:10:14 +0000},
	Publisher = {Pearson},
	Title = {Software Engineering 9},
	Year = {2011}}

@book{MNAS15,
	Author = {J. Liberty},
	Date-Added = {2013-01-04 18:39:34 +0000},
	Date-Modified = {2013-01-04 18:39:56 +0000},
	Publisher = {Wiley},
	Title = {Programming CSharp},
	Year = {2005}}

@inproceedings{MNAS13,
	Author = {G. Navarro, and J. Borrell, and J. A. Ortega-Ruiz and S. Robles},
	Booktitle = {Proceedings of the fourth international joint conference on Autonomous agents and multiagent systems AAMAS '05},
	Date-Added = {2013-01-04 18:37:51 +0000},
	Date-Modified = {2013-01-04 18:38:39 +0000},
	Pages = {1235-1236},
	Title = {Posters: agent applications: Access control with safe role assignment for mobile agents},
	Year = {2005}}

@inproceedings{MNAS12,
	Author = {D. Kotz and G. Cybenko and R. S. Gray and G. Jiang and R. A. Peterson and M. O. Hofmann and D. A. Chac{\'o}n and K. R. Whitebread and J. Hendler},
	Booktitle = {Mobile Networks and Applications, Volume 7 Issue 2, Kluwer Academic Publishers},
	Date-Added = {2013-01-04 18:36:31 +0000},
	Date-Modified = {2013-03-21 22:57:57 +0000},
	Pages = {163-174},
	Title = {Performance analysis of mobile agents for filtering data streams on wireless networks},
	Year = {2002}}

@inproceedings{MNAS11,
	Author = {M. Schoeman and E. Cloete},
	Booktitle = {annual research conference of the South African institute of computer scientists and information technologists on Enablement through technology SAICSIT '03},
	Date-Added = {2013-01-04 18:35:22 +0000},
	Date-Modified = {2013-01-04 18:36:16 +0000},
	Pages = {48-58},
	Title = {Architectural components for the efficient design of mobile agent systems},
	Year = {2003}}

@inproceedings{MNAS10,
	Author = {M. K. Denko},
	Booktitle = {Annual research conference of the South African institute of computer scientists and information technologists on Enablement through technology SAICSIT '03},
	Date-Added = {2013-01-04 18:34:06 +0000},
	Date-Modified = {2013-01-04 18:35:38 +0000},
	Pages = {241-247},
	Title = {The use of mobile agents for clustering in mobile ad hoc networks},
	Year = {2003}}

@article{MNAS09,
	Author = {S. Pleisch and A. Schiper},
	Date-Added = {2013-01-04 18:32:57 +0000},
	Date-Modified = {2013-01-04 18:33:50 +0000},
	Journal = {ACM Computing Surveys (CSUR), Volume 36 Issue 3, ACM Press},
	Pages = {219-262},
	Title = {Approaches to fault-tolerant and transactional mobile agent execution-an algorithmic view},
	Year = {2004}}

@inproceedings{MNAS08,
	Author = {H. Zhang and V. Lesser},
	Booktitle = {Proceedings of the 2005 ACM workshop on Information retrieval in peer-to-peer networks},
	Date-Added = {2013-01-04 18:31:53 +0000},
	Date-Modified = {2013-03-21 22:42:12 +0000},
	Pages = {17-24},
	Title = {A queuing theory based analysis of an agent control mechanism in peer-to-peer information retrieval systems},
	Year = {2005}}

@inproceedings{MNAS07,
	Author = {J. Carter, A. Ghorbani and S. Marsh},
	Booktitle = {Proceedings of the first international joint conference on Autonomous agents and multiagent systems: part 2, ACM Press},
	Date-Added = {2013-01-04 18:30:48 +0000},
	Date-Modified = {2013-01-04 18:31:44 +0000},
	Pages = {647-654},
	Title = {mobile software agents: Just-in-time information sharing architectures in multiagent systems},
	Year = {2002}}

@inproceedings{MNAS06,
	Author = {P. Bellavista and A.Corradi and A. Tomasi},
	Booktitle = {Proceedings of the 2000 ACM symposium on Applied computing - Volume 2, ACM Press},
	Date-Added = {2013-01-04 18:29:41 +0000},
	Date-Modified = {2013-03-21 23:10:26 +0000},
	Pages = {1006-1013},
	Title = {The mobile agent technology to support and to access museum information},
	Year = {2000}}

@article{MNAS05,
	Author = {A. M. Riad},
	Date-Added = {2013-01-04 18:28:39 +0000},
	Date-Modified = {2013-01-04 18:29:32 +0000},
	Journal = {Egyptian Informatics Journal, Faculty of Computers and Information, Cairo University},
	Pages = {38-52},
	Title = {eUniversities: An intelligent system for e-learning},
	Year = {2005}}

@inproceedings{MNAS04,
	Author = {H. A. Ali and A. M. Riad},
	Booktitle = {2nd International Conference on Information (ICI-2), 7-9 Oct., Mansoura, Egypt},
	Date-Added = {2013-01-04 18:27:23 +0000},
	Date-Modified = {2013-01-04 18:28:31 +0000},
	Pages = {636-655},
	Title = {Studying the performance of Distributed Database Application based on a Heurstic Algorithm for Query Execution},
	Year = {2003}}

@article{MNAS03,
	Author = {A. M. Riad and H.A. Ali},
	Date-Added = {2013-01-04 18:26:01 +0000},
	Date-Modified = {2013-01-04 18:26:57 +0000},
	Journal = {Egyptian Computer Journal, ISSR},
	Number = {1},
	Pages = {110-123},
	Title = {New Approach for Information Retrieval base-on Mobile Agent},
	Volume = {10},
	Year = {2002}}

@book{MNAS02,
	Author = {Effraim Turban},
	Date-Added = {2013-01-04 18:25:21 +0000},
	Date-Modified = {2013-01-04 18:25:51 +0000},
	Publisher = {Pearson},
	Title = {Decision support systems and intelligent systems},
	Year = {2005}}

@book{UMIS56,
	Author = {Yost, M.},
	Date-Added = {2013-01-04 14:15:20 +0000},
	Date-Modified = {2013-01-04 14:15:45 +0000},
	Publisher = {Eric},
	Title = {Extracting Data From Integrated Student Information Systems},
	Year = {1983}}

@inproceedings{UMIS55,
	Author = {Whitelock, D. and Wheeler, S.},
	Booktitle = {Edinburgh : Heriot-Watt University, The next generation: 13th International Conference},
	Date-Added = {2013-01-04 14:14:30 +0000},
	Date-Modified = {2013-01-04 14:15:07 +0000},
	Title = {ALT-C 2006: The next generation},
	Year = {2006}}

@webpage{UMIS54,
	Author = {Webopedia},
	Date-Added = {2013-01-04 14:13:47 +0000},
	Date-Modified = {2013-01-04 14:14:21 +0000},
	Title = {Webopedia: MIS},
	Url = {http://www.webopedia.com/TERM/M/MIS.html},
	Bdsk-Url-1 = {http://www.webopedia.com/TERM/M/MIS.html}}

@url{UMIS53,
	Date-Added = {2013-01-04 14:13:16 +0000},
	Date-Modified = {2013-01-04 14:13:39 +0000},
	Title = {WBT Systems e-Learning from WBT Systems},
	Url = {http://www.wbtsystems.com},
	Bdsk-Url-1 = {http://www.wbtsystems.com}}

@webpage{UMIS52,
	Author = {Victoria, L. T.},
	Date-Added = {2013-01-04 14:12:43 +0000},
	Date-Modified = {2013-01-04 14:13:08 +0000},
	Title = {ICT in Education", Asia-Pacific Development Information Programme},
	Url = {http://www.apdip.net},
	Bdsk-Url-1 = {http://www.apdip.net}}

@url{UMIS51,
	Author = {The University of Wisconsin-Extension},
	Date-Added = {2013-01-04 14:11:37 +0000},
	Date-Modified = {2013-01-04 14:12:36 +0000},
	Title = {Highlight History of Extension in Wisconsin 1862 to 1999," The University of Wisconsin-Extension},
	Url = {http://www.uwex.edu/about/history},
	Bdsk-Url-1 = {http://www.uwex.edu/about/history}}

@url{UMIS50,
	Date-Added = {2013-01-04 14:11:09 +0000},
	Date-Modified = {2013-01-04 14:11:27 +0000},
	Title = {Technologies for Online Interoperable Assessment (TOIA)},
	Url = {http://www.toia.ac.uk/toia-ams.html},
	Bdsk-Url-1 = {http://www.toia.ac.uk/toia-ams.html}}

@book{UMIS49,
	Author = {Sicilia, M.},
	Date-Added = {2013-01-04 14:10:30 +0000},
	Date-Modified = {2013-01-04 14:10:56 +0000},
	Publisher = {Idea Group Inc.},
	Title = {Competencies in Organizational E-learning: Concepts and Tools},
	Year = {2007}}

@webpage{UMIS48,
	Date-Added = {2013-01-04 14:09:59 +0000},
	Date-Modified = {2013-01-04 14:10:22 +0000},
	Title = {SAKAI: Collaboration and Learning Environment For Education},
	Url = {http://sakaiproject.org.},
	Bdsk-Url-1 = {http://sakaiproject.org.}}

@article{UMIS47,
	Author = {A. M. Riad and Haitham A. El-Ghareeb},
	Date-Added = {2013-01-04 14:08:28 +0000},
	Date-Modified = {2013-03-21 22:50:18 +0000},
	Journal = {Egyptian informatics Journal, Cairo University},
	Number = {1},
	Title = {A Service Oriented Architecture to Integrate Web services and Software Agents in Course Management Systems},
	Volume = {8},
	Year = {2007}}

@book{UMIS45,
	Author = {Rappaport, W. and Olenbush, E.},
	Date-Added = {2013-01-04 14:07:14 +0000},
	Date-Modified = {2013-01-04 14:07:40 +0000},
	Publisher = {," Mitre Matrix},
	Title = {Tailor-Made Teaching through TICCIT},
	Year = {1975}}

@url{UMIS44,
	Author = {PCmag.com Encyclopedia},
	Date-Added = {2013-01-04 14:06:36 +0000},
	Date-Modified = {2013-01-04 14:07:07 +0000},
	Title = {PCMag.com: Video Conferencing},
	Url = {http://www.pcmag.com},
	Bdsk-Url-1 = {http://www.pcmag.com}}

@webpage{UMIS43,
	Author = {PCmag.com Encyclopedia},
	Date-Added = {2013-01-04 14:05:53 +0000},
	Date-Modified = {2013-01-04 14:06:28 +0000},
	Title = {PCMag.com: Data Conferencing},
	Url = {http://www.pcmag.com},
	Bdsk-Url-1 = {http://www.pcmag.com}}

@url{UMIS42,
	Author = {PCmag.com Encyclopedia},
	Date-Added = {2013-01-04 14:05:00 +0000},
	Date-Modified = {2013-01-04 14:05:25 +0000},
	Title = {PCMag.com: Audio Conferencing},
	Url = {http://www.pcmag.com/encyclopedia},
	Bdsk-Url-1 = {http://www.pcmag.com/encyclopedia}}

@book{UMIS41,
	Author = {Patel, A. S. and Bernard, K.},
	Date-Added = {2013-01-04 14:04:14 +0000},
	Date-Modified = {2013-01-04 14:04:49 +0000},
	Publisher = {MCB UP Ltd},
	Title = {Intelligent Tutoring: from SAKI to Byzantium},
	Year = {2001}}

@url{UMIS40,
	Author = {Noerr, P.},
	Date-Added = {2013-01-04 14:03:28 +0000},
	Date-Modified = {2013-01-04 14:04:04 +0000},
	Title = {Digital Library Toolkit, Sun Education and Research},
	Url = {http://www.sun.com/products-n-solutions/edu/whitepapers/digitaltoolkit.html},
	Urldate = {2003},
	Bdsk-Url-1 = {http://www.sun.com/products-n-solutions/edu/whitepapers/digitaltoolkit.html}}

@electronic{UMIS39,
	Author = {Noerr, P.},
	Date-Added = {2013-01-04 14:02:33 +0000},
	Date-Modified = {2013-01-04 14:03:16 +0000},
	Title = {99 Questions about Digital Libraries, VALA - Libraries, Technology and the Future Inc.},
	Url = {http://www.vala.org.au/vala2000/2000pdf/Noerr.pdf},
	Bdsk-Url-1 = {http://www.vala.org.au/vala2000/2000pdf/Noerr.pdf}}

@url{UMIS37,
	Date-Added = {2013-01-04 14:01:24 +0000},
	Date-Modified = {2013-01-04 14:01:44 +0000},
	Title = {Michigan State University's Virtual University},
	Url = {http://vu.msu.edu/site/},
	Bdsk-Url-1 = {http://vu.msu.edu/site/}}

@url{UMIS35,
	Date-Added = {2013-01-04 12:22:39 +0000},
	Date-Modified = {2013-01-04 12:23:07 +0000},
	Title = {.LRN Home: Learn, Search, Network},
	Url = {http://www.dotlrn.org},
	Bdsk-Url-1 = {http://www.dotlrn.org}}

@article{UMIS34,
	Author = {Lowood, H.},
	Date-Added = {2013-01-04 12:21:36 +0000},
	Date-Modified = {2013-01-04 12:22:27 +0000},
	Journal = {JSTOR, Technology and Culture},
	Number = {1-138},
	Title = {Supplement: Current Bibliography in the History of Technology},
	Volume = {39},
	Year = {1990}}

@book{UMIS33,
	Author = {Long, L. E. and Long, N.},
	Date-Added = {2013-01-04 12:20:50 +0000},
	Date-Modified = {2013-01-04 12:21:25 +0000},
	Publisher = {Prentice Hall},
	Title = {Introduction to Computers and Information Systems: The Internet Edition},
	Year = {1996}}

@url{UMIS32,
	Author = {Kaplan-Leiserson, E.},
	Date-Added = {2013-01-04 12:20:06 +0000},
	Date-Modified = {2013-01-04 12:20:40 +0000},
	Title = {ASTD's Source for E-Learning. Learning Circuits},
	Url = {http://www.learningcircuits.org/glossary},
	Bdsk-Url-1 = {http://www.learningcircuits.org/glossary}}

@url{UMIS31,
	Date-Added = {2013-01-04 12:19:17 +0000},
	Date-Modified = {2013-01-04 12:19:57 +0000},
	Title = {Joint Information Systems Committee (JISC): Supporting Education and Research---A higher education committee, Great Britain Higher Education},
	Url = {http://www.jisc.ac.uk},
	Bdsk-Url-1 = {http://www.jisc.ac.uk}}

@article{UMIS30,
	Author = {Jafari, A.},
	Date-Added = {2013-01-04 12:18:15 +0000},
	Date-Modified = {2013-01-04 12:19:03 +0000},
	Journal = {Webnet Journal},
	Title = {Putting Everyone and Every Course Online: The Oncourse Environment},
	Volume = {33},
	Year = {1999}}

@url{UMIS29,
	Date-Added = {2013-01-04 12:17:41 +0000},
	Date-Modified = {2013-01-04 12:18:02 +0000},
	Title = {IBM Lotus Software},
	Url = {http://www-306.ibm.com/software/lotus},
	Bdsk-Url-1 = {http://www-306.ibm.com/software/lotus}}

@article{UMIS28,
	Author = {Hunka, S. and Buck, G.},
	Date-Added = {2013-01-04 12:16:38 +0000},
	Date-Modified = {2013-01-04 12:17:31 +0000},
	Journal = {Canadian Journal of Educational Communication},
	Pages = {153-170},
	Title = {The Rise and Fall of CAI at the University of Alberta's Faculty of Education},
	Volume = {21},
	Year = {1996}}

@url{UMIS27,
	Date-Added = {2013-01-04 12:15:48 +0000},
	Date-Modified = {2013-01-04 12:16:26 +0000},
	Title = {Houston PBS: 50 Years of Houston PBS History, Channel 8, HoustonPBS},
	Url = {http://www.houstonpbs.org/site/PageServer?pagename=abt_history},
	Bdsk-Url-1 = {http://www.houstonpbs.org/site/PageServer?pagename=abt_history}}

@article{UMIS25,
	Author = {Holden, D.},
	Date-Added = {2013-01-04 12:14:04 +0000},
	Date-Modified = {2013-01-04 12:14:59 +0000},
	Journal = {T.H.E. Journal},
	Pages = {70-71},
	Title = {Restructuring Schools on a Service-Industry Model},
	Volume = {21},
	Year = {1994}}

@inproceedings{UMIS24,
	Author = {Hebenstreit, J. V.},
	Booktitle = {Ottawa: National Research Council Canada, Proceedings of the Third Canadian Symposium on Instructional Technology},
	Date-Added = {2013-01-04 12:01:13 +0000},
	Date-Modified = {2013-01-04 12:01:53 +0000},
	Pages = {77-91},
	Title = {Computer-Assisted Instruction in France: present situation and prospects for the future},
	Year = {1980}}

@inproceedings{UMIS23,
	Author = {Hardy, B. L. and Bower, K.},
	Booktitle = {New Directions for Community Colleges},
	Date-Added = {2013-01-04 12:00:08 +0000},
	Date-Modified = {2013-01-04 12:00:55 +0000},
	Pages = {5-12},
	Title = {From correspondence to cyberspace: Changes and challenges in distance education},
	Year = {2004}}

@book{UMIS22,
	Author = {Hall, T.},
	Date-Added = {2013-01-04 11:59:28 +0000},
	Date-Modified = {2013-01-04 11:59:44 +0000},
	Publisher = {IBM},
	Title = {A preview of Lotus Learning Management System},
	Year = {2003}}

@book{UMIS21,
	Author = {Hall, K. A.},
	Date-Added = {2013-01-04 11:58:58 +0000},
	Date-Modified = {2013-01-04 11:59:21 +0000},
	Publisher = {Pennsylvania State University},
	Title = {Computer-Assisted Instruction: Status in Pennsylvania},
	Year = {1970}}

@book{UMIS15,
	Author = {Fallon, C. and Brown},
	Date-Added = {2013-01-04 11:56:40 +0000},
	Date-Modified = {2013-01-14 18:40:31 +0000},
	Publisher = {CRC Press},
	Title = {E-Learning Standards: A Guide to Purchasing, Developing, and Deploying Standards-conformant e-Learning},
	Year = {2003}}

@url{UMIS20,
	Author = {Gundry, J. M.},
	Date-Added = {2013-01-04 11:53:40 +0000},
	Date-Modified = {2013-01-14 18:48:01 +0000},
	Title = {Web 2.0 Social Media, Knowledge Ability Ltd.},
	Url = {http://www.knowab.co.uk/socialmedia.html},
	Urldate = {Sept. 2006},
	Bdsk-Url-1 = {http://www.knowab.co.uk/socialmedia.html}}

@webpage{UMIS19,
	Date-Added = {2013-01-04 11:53:03 +0000},
	Date-Modified = {2013-01-04 11:55:34 +0000},
	Title = {Global Virtual Classroom},
	Url = {http://www.virtualclassroom.org/},
	Bdsk-Url-1 = {http://www.virtualclassroom.org/}}

@electronic{UMIS18,
	Date-Added = {2013-01-04 11:52:27 +0000},
	Date-Modified = {2013-01-04 11:55:42 +0000},
	Title = {The Free Dictionary},
	Url = {http://www.thefreedictionary.com/conference},
	Bdsk-Url-1 = {http://www.thefreedictionary.com/conference}}

@webpage{UMIS17,
	Author = {Feenberg, A.},
	Date-Added = {2013-01-04 11:51:10 +0000},
	Date-Modified = {2013-01-04 11:58:39 +0000},
	Title = {Distance Learning: Promise or Threat?},
	Url = {http://www-rohan.sdsu.edu/faculty/feenberg/TELE3.HTM},
	Urldate = {1999},
	Bdsk-Url-1 = {http://www-rohan.sdsu.edu/faculty/feenberg/TELE3.HTM}}

@electronic{UMIS16,
	Date-Added = {2013-01-04 11:50:32 +0000},
	Date-Modified = {2013-01-04 11:58:30 +0000},
	Title = {Fayetteville State University: Blackboard Virtual Classroom Features},
	Url = {http://www.uncfsu.edu/conted/facultysupport/PDF/Bb6-Chat-Features-Comparison.pdf},
	Bdsk-Url-1 = {http://www.uncfsu.edu/conted/facultysupport/PDF/Bb6-Chat-Features-Comparison.pdf}}

@inproceedings{UMIS14,
	Author = {H. El-Hadidi and A. M. Riad and M. Matsumoto},
	Booktitle = {IEIC},
	Date-Added = {2013-01-04 11:48:01 +0000},
	Date-Modified = {2013-03-21 23:04:29 +0000},
	Title = {A Multi-agent System to Enhance Information Retrieval Results},
	Year = {2007}}

@book{UMIS13,
	Author = {Ebel, N.},
	Date-Added = {2013-01-04 11:47:13 +0000},
	Date-Modified = {2013-01-04 11:47:51 +0000},
	Publisher = {Pearson Education},
	Title = {Lotus Notes/Domino Administration: Lotus Groupware},
	Year = {2004}}

@url{UMIS11,
	Author = {The Commonwealth of Learning},
	Date-Added = {2013-01-04 11:45:36 +0000},
	Date-Modified = {2013-01-04 11:46:14 +0000},
	Title = {An Introduction to Open and Distance Learning},
	Url = {http://www.col.org/ODLIntro/introODL.htm},
	Bdsk-Url-1 = {http://www.col.org/ODLIntro/introODL.htm}}

@url{UMIS10,
	Author = {Chairman, V. W.},
	Date-Added = {2013-01-04 11:43:30 +0000},
	Date-Modified = {2013-01-04 11:44:36 +0000},
	Title = {A Glossary of e-Learning terms and acronyms, eLearning Network},
	Url = {http://www.elearningnetwork.org/articles/article9.doc},
	Bdsk-Url-1 = {http://www.elearningnetwork.org/articles/article9.doc}}

@url{UMIS09,
	Author = {California Distance Learning Project (CDLP)},
	Date-Added = {2013-01-03 09:43:51 +0000},
	Date-Modified = {2013-01-03 09:45:28 +0000},
	Title = {What is Distance Learning? For Adult Educators},
	Url = {http://www.cdlponline.org},
	Bdsk-Url-1 = {http://www.cdlponline.org}}

@article{UMIS08,
	Author = {Butler, L.},
	Date-Added = {2013-01-03 09:43:05 +0000},
	Date-Modified = {2013-01-03 09:43:37 +0000},
	Journal = {Eric},
	Title = {Curriculum Development System for Navy Technical Training},
	Year = {1990}}

@inproceedings{UMIS07,
	Author = {W. Broderick and J. Brahan and R. Shevel},
	Booktitle = {National Research Council Canada, Third Canadian Symposium on Instructional Technology},
	Date-Added = {2013-01-03 09:42:02 +0000},
	Date-Modified = {2013-03-21 23:09:28 +0000},
	Title = {An instructional management system for NATAL-74},
	Year = {1980}}

@webpage{UMIS05,
	Author = {Bowling, E.},
	Date-Added = {2013-01-03 09:39:40 +0000},
	Date-Modified = {2013-01-03 09:40:43 +0000},
	Journal = {IBM},
	Title = {Understanding the architecture of the Lotus Learning Management System},
	Url = {http://www-128.ibm.com/developerworks/lotus/library/ls-LMS_architecture/?ca=drs-11/10/2006},
	Year = {2003},
	Bdsk-Url-1 = {http://www-128.ibm.com/developerworks/lotus/library/ls-LMS_architecture/?ca=drs-11/10/2006}}

@article{UMIS04,
	Author = {Bork, A.},
	Date-Added = {2013-01-03 09:38:34 +0000},
	Date-Modified = {2013-01-03 09:39:32 +0000},
	Journal = {Review, Educom},
	Title = {The Future of Learning: An Interview with Alfred Bork},
	Volume = {34},
	Year = {1999}}

@article{UMIS03,
	Author = {Bitzer, D. AND Lyman, E. and Easley, J.},
	Date-Added = {2013-01-03 09:37:34 +0000},
	Date-Modified = {2013-01-03 09:38:10 +0000},
	Journal = {Coordinated Science Laboratory, University of Illinois},
	Title = {The Uses of PLATO: A Computer-Controlled Teaching System},
	Year = {1965}}

@article{UMIS02,
	Author = {Bangemann, M. and Cresson, E.},
	Date-Added = {2013-01-03 09:35:56 +0000},
	Date-Modified = {2013-01-03 09:37:26 +0000},
	Journal = {Task Force, European Commission},
	Title = {Educational Software and Multimedia},
	Year = {1996}}

@article{UMIS01,
	Author = {Anderson, T. and Mason, R.},
	Date-Added = {2013-01-03 09:34:35 +0000},
	Date-Modified = {2013-01-03 09:35:46 +0000},
	Journal = {American Journal of Distance Education},
	Pages = {5-18},
	Title = {The Bangkok Project: New tool for Professional Development},
	Volume = {7},
	Year = {1993}}

@book{100SOA,
	Author = {KERRIE HOLLEY and ALI ARSANJANI},
	Date-Added = {2013-01-02 13:54:47 +0000},
	Date-Modified = {2013-01-02 13:55:55 +0000},
	Publisher = {Prentice Hall},
	Title = {100 SOA Questions},
	Year = {2011}}

@book{BS67,
	Author = {K. Vollmer, and M. Gilpin},
	Date-Added = {2013-01-01 20:40:56 +0000},
	Date-Modified = {2013-01-01 20:41:17 +0000},
	Publisher = {Forrester},
	Title = {The Forrester Wave: Enterprise Service Bus},
	Year = {2007}}

@book{BS66,
	Author = {S. Weerawarana, and F. Curbera},
	Date-Added = {2013-01-01 20:40:20 +0000},
	Date-Modified = {2013-01-01 20:40:46 +0000},
	Publisher = {IBM},
	Title = {Business Process with BPEL4WS: Understanding BPEL4WS, Part 1},
	Year = {2002}}

@book{BS65,
	Author = {J. Owen and M. Raj},
	Date-Added = {2013-01-01 20:39:23 +0000},
	Date-Modified = {2013-01-01 20:40:09 +0000},
	Publisher = {Popkin Software},
	Title = {BPMN and Business Process Management},
	Year = {2003}}

@inproceedings{BS64,
	Author = {M. Cambronero and and G. Diaz and J. Pardo and V. Valero},
	Booktitle = {Second International Conference on Internet and Web Applications and Services (ICIW'07)},
	Date-Added = {2013-01-01 20:38:42 +0000},
	Date-Modified = {2013-03-21 23:08:48 +0000},
	Title = {Using UML Diagrams to Model Real-Time Web Services},
	Year = {2007}}

@inproceedings{BS63,
	Author = {P. Jiang and Q. Mair and J. Newman},
	Booktitle = {Twelfth International Workshop on Enabling Technologies: Infrastructure for Collaborative Enterprises},
	Date-Added = {2013-01-01 20:37:50 +0000},
	Date-Modified = {2013-03-21 22:59:16 +0000},
	Title = {Using UML to Design Distributed Collaborative Workflows: from UML to XPDL},
	Year = {2003}}

@inproceedings{BS62,
	Author = {S. de Cesare and A. Serrano},
	Booktitle = {39th Annual Hawaii International Conference on System Sciences (HICSS'06)},
	Date-Added = {2013-01-01 20:36:49 +0000},
	Date-Modified = {2013-03-21 23:06:11 +0000},
	Title = {Collaborative Modeling Using UML and Business Process Simulation},
	Year = {2006}}

@inproceedings{BS61,
	Author = {P. Liew and K. Kontogiannis and T. Tong},
	Booktitle = {12 International Workshop on Software Technology and Engineering Practice (STEP'04)},
	Date-Added = {2013-01-01 20:35:25 +0000},
	Date-Modified = {2013-03-21 22:54:00 +0000},
	Pages = {47-56},
	Title = {A Framework for Business Model Driven Development},
	Year = {2004}}

@book{BS60,
	Author = {S. White},
	Date-Added = {2013-01-01 20:34:44 +0000},
	Date-Modified = {2013-01-01 20:35:15 +0000},
	Publisher = {IBM},
	Title = {Introduction to BPMN},
	Year = {2004}}

@book{BS58,
	Author = {T. Erl},
	Date-Added = {2013-01-01 20:33:00 +0000},
	Date-Modified = {2013-01-01 20:33:34 +0000},
	Publisher = {Prentice Hall},
	Title = {Service-Oriented Architecture: Concepts, Technology, and Design},
	Year = {2005}}

@electronic{BS54,
	Date-Added = {2013-01-01 20:28:43 +0000},
	Date-Modified = {2013-01-01 20:29:18 +0000},
	Title = {The Foundation for Intelligent Physical Agents (FIPA)},
	Url = {http://www.FIPA.org},
	Bdsk-Url-1 = {http://www.FIPA.org}}

@inproceedings{BS50,
	Author = {T. Finin and R. Fritzson and D. McKay and R. McEntire},
	Booktitle = {3rd International Conference on Information and Knowledge Management (CIKM'94)},
	Date-Added = {2013-01-01 12:37:29 +0000},
	Date-Modified = {2013-03-21 22:46:12 +0000},
	Title = {KQML as an Agent Communication Language},
	Year = {1994}}

@article{BS49,
	Author = {R. Flores-Mendez},
	Date-Added = {2012-12-30 21:33:33 +0000},
	Date-Modified = {2012-12-31 05:49:18 +0000},
	Journal = {Crossroads, ACM Press},
	Pages = {18-24},
	Title = {Towards a standardization of multi-agent system framework},
	Volume = {9},
	Year = {1999}}

@inproceedings{BS48,
	Author = {W. Chen and W. Tseng},
	Booktitle = {International Conference on Information Technology (ITNG'07)},
	Date-Added = {2012-12-30 21:32:17 +0000},
	Date-Modified = {2012-12-30 21:32:59 +0000},
	Pages = {277-281},
	Title = {A Novel Multi-agent Framework for the Design of Home Automation},
	Year = {2007}}

@inproceedings{BS47,
	Author = {H. EL Yamany and M. Capretz and L. Capretz},
	Booktitle = {30th Annual International Computer Software and Applications Conference (COMPSAC'06)},
	Date-Added = {2012-12-30 21:31:20 +0000},
	Date-Modified = {2013-03-21 22:43:47 +0000},
	Pages = {151-156},
	Title = {A Multi-Agent Framework for Testing Distributed Systems},
	Year = {2006}}

@inproceedings{BS46,
	Author = {S. Roy and S. Dasgupta and N. Mukherjee},
	Booktitle = {Proceedings of The Fifth International Symposium on Parallel and Distributed Computing (ISPDC'06)},
	Date-Added = {2012-12-30 21:30:25 +0000},
	Date-Modified = {2012-12-30 21:33:12 +0000},
	Pages = {329-336},
	Title = {A Multi-agent Framework for Resource Brokering of Multiple Concurrent Jobs in Grid Environment},
	Year = {2006}}

@inproceedings{BS45,
	Author = {J. Mostafa and W. Ke and Y. Fu},
	Booktitle = {Fifth ACM/IEEE-CS Joint conference on Digital libraries (JCDL '05)},
	Date-Added = {2012-12-30 21:29:25 +0000},
	Date-Modified = {2013-03-21 22:51:47 +0000},
	Pages = {157-158},
	Title = {Automated text classification using a multi-agent framework},
	Year = {2005}}

@inproceedings{BS44,
	Author = {H. LAU and L. ZHANG and C. LIU},
	Booktitle = {IEEE/WIC/ACM International Conference on Intelligent Agent Technology},
	Date-Added = {2012-12-30 21:28:30 +0000},
	Date-Modified = {2012-12-30 21:29:15 +0000},
	Pages = {558-564},
	Title = {Solving Generalized Open Constraint Optimization Problem Using Two-level Multi-agent Framework},
	Year = {2005}}

@inproceedings{BS43,
	Author = {D. Moldt and J. Ortmann},
	Booktitle = {Third International Joint Conference on Autonomous Agents and Multiagent Systems (AAMAS'04)},
	Date-Added = {2012-12-30 21:27:34 +0000},
	Date-Modified = {2013-03-21 22:51:58 +0000},
	Pages = {1464-1465},
	Title = {A Conceptual and Practical Framework for Web-Based Processes in Multi-Agent Systems},
	Year = {2004}}

@book{BS42,
	Author = {M. d'Inverno and M. Luck},
	Date-Added = {2012-12-30 21:26:58 +0000},
	Date-Modified = {2013-03-21 23:05:49 +0000},
	Publisher = {Springer},
	Title = {Understanding Agent Systems},
	Year = {2003}}

@inproceedings{BS41,
	Author = {K. Syeara},
	Booktitle = {9th ECCAI Advanced Course, ACAI 2001 and Agent Link's 3rd European Agent Systems Summer School (EASSS), Prague, Czech Republic},
	Date-Added = {2012-12-30 21:25:46 +0000},
	Date-Modified = {2012-12-30 21:26:47 +0000},
	Pages = {17-45},
	Title = {Multi-Agent Systems and Applications},
	Year = {2001}}

@article{BS40,
	Author = {A. M. Riad, Haitham A. El-Ghareeb},
	Date-Added = {2012-12-30 21:25:00 +0000},
	Date-Modified = {2012-12-30 21:25:36 +0000},
	Journal = {Egyptian Informatics Journal},
	Title = {New Architecture for Mobile News Agent System},
	Volume = {8},
	Year = {2007}}

@book{BS39,
	Author = {S. Russell and P. Norvig},
	Date-Added = {2012-12-30 21:24:06 +0000},
	Date-Modified = {2012-12-30 21:24:49 +0000},
	Publisher = {Prentice Hall},
	Title = {Artificial Intelligence: Modern Approach},
	Year = {2003}}

@book{BS37,
	Author = {M. Klusch},
	Date-Added = {2012-12-30 21:22:47 +0000},
	Date-Modified = {2012-12-30 21:23:11 +0000},
	Publisher = {Springer},
	Title = {Intelligent Information Agents: Agent-Based Information Discovery and Management on the Internet},
	Year = {1999}}

@book{BS36,
	Author = {M. Wooldridge},
	Date-Added = {2012-12-30 21:22:14 +0000},
	Date-Modified = {2012-12-30 21:22:37 +0000},
	Publisher = {Wiley},
	Title = {Introduction to MultiAgent Systems},
	Year = {2002}}

@url{BS35,
	Date-Added = {2012-12-30 21:20:47 +0000},
	Date-Modified = {2012-12-30 21:22:04 +0000},
	Title = {Software Building Blocks - Mobile Agent Based Service Oriented Architecture (ASOA), Mobile Agent Technologies},
	Url = {http://www.agentos.net/Software%20Building%20Blocks.pdf},
	Urldate = {2005},
	Bdsk-Url-1 = {http://www.agentos.net/Software%20Building%20Blocks.pdf}}

@proceedings{BS34,
	Author = {T. Zhang and H. Jiang},
	Date-Added = {2012-12-30 21:19:32 +0000},
	Date-Modified = {2012-12-30 21:20:32 +0000},
	Organization = {IASTED, Artificial Intelligence and Soft Computing},
	Title = {A Framework of Incorporating Software Agents into SOA},
	Year = {2005}}

@electronic{BS33,
	Author = {J. Poozhikunnel},
	Date-Added = {2012-12-30 21:18:47 +0000},
	Date-Modified = {2012-12-30 21:19:23 +0000},
	Title = {Developing a Simple Service Oriented Architecture},
	Url = {http://15seconds.com/issue/050119.htm},
	Bdsk-Url-1 = {http://15seconds.com/issue/050119.htm}}

@book{BS32,
	Author = {I. Zinnikus and G. Benguria and B. Elves{\ae}ter and J. Vayssi`ere},
	Date-Added = {2012-12-30 21:17:51 +0000},
	Date-Modified = {2012-12-30 21:18:31 +0000},
	Publisher = {ATHENA, European Integrated Project},
	Title = {A Model Driven Approach to Agent-Based Service-Oriented-Architectures},
	Year = {2002}}

@book{BS31,
	Author = {M. Endrei and J. Ang and A. Arsanjani and S. Chua and P. Comte and P. Krogdahl and M. Luo and T. Newling and Tony},
	Date-Added = {2012-12-30 21:16:36 +0000},
	Date-Modified = {2012-12-30 21:17:33 +0000},
	Publisher = {IBM Redbooks},
	Title = {Patterns: Service Oriented Architecture and Web Services},
	Year = {2004}}

@article{BS30,
	Author = {L. Wilkes and L. Wilkes},
	Date-Added = {2012-12-30 21:15:45 +0000},
	Date-Modified = {2013-03-21 22:42:57 +0000},
	Journal = {Microsoft Architect Journal},
	Pages = {11-23},
	Title = {Service Oriented Architecture - Considerations for Agile Systems},
	Volume = {2},
	Year = {2004}}

@electronic{BS28,
	Date-Added = {2012-12-30 21:13:50 +0000},
	Date-Modified = {2012-12-30 21:14:25 +0000},
	Title = {CBDI Service Oriented Architecture Practice Portal},
	Url = {http://www.cbdiforum.com},
	Bdsk-Url-1 = {http://www.cbdiforum.com}}

@book{BS25,
	Author = {R. Thierauf and J. Hoctor},
	Date-Added = {2012-12-30 21:11:38 +0000},
	Date-Modified = {2012-12-30 21:12:05 +0000},
	Publisher = {Idea Group Publishing},
	Title = {Optimal Knowledge Management: Wisdom Management Systems Concepts And Applications},
	Year = {2006}}

@book{BS24,
	Author = {L. Ferrara and F. Hayden and D. Neal and C. Poirier},
	Date-Added = {2012-12-30 21:10:48 +0000},
	Date-Modified = {2012-12-30 21:11:31 +0000},
	Publisher = {J. Ross Publishing},
	Title = {The Networked Supply Chain: Applying Breakthrough BPM Technology to Meet Relentless Customer Demands},
	Year = {2003}}

@book{BS23,
	Author = {M. McClellan},
	Date-Added = {2012-12-30 21:10:10 +0000},
	Date-Modified = {2012-12-30 21:10:35 +0000},
	Publisher = {Meghan-Kiffer Press},
	Title = {In Search of BPM Excellence - Straight from the Thought Leaders},
	Year = {2005}}

@book{BS22,
	Author = {G. Tennant},
	Date-Added = {2012-12-30 21:09:34 +0000},
	Date-Modified = {2012-12-30 21:10:01 +0000},
	Publisher = {Ashgate Publishing},
	Title = {Six Sigma : SPC and TQM in Manufacturing and Services},
	Year = {2001}}

@article{BS21,
	Author = {N. Llewellyn and C. Armistead},
	Date-Added = {2012-12-30 21:08:26 +0000},
	Date-Modified = {2012-12-30 21:09:23 +0000},
	Journal = {International Journal of Service Industry Management, MCB University Press},
	Pages = {225-234},
	Title = {Business Process Management: Exploring social capital with processes},
	Volume = {11},
	Year = {2000}}

@book{BS20,
	Author = {J. Coelho},
	Date-Added = {2012-12-30 21:07:46 +0000},
	Date-Modified = {2012-12-30 21:08:12 +0000},
	Publisher = {Meghan-Kiffer Press},
	Title = {BPM and Continous Improvement},
	Year = {2005}}

@book{BS19,
	Author = {H. Smith and P. Fingar},
	Date-Added = {2012-12-30 21:07:06 +0000},
	Date-Modified = {2012-12-30 21:07:37 +0000},
	Publisher = {Meghan Kiffer Press},
	Title = {Business Process Management: The Third Wave},
	Year = {2006}}

@book{BS18,
	Author = {L. Lau},
	Date-Added = {2012-12-30 21:06:35 +0000},
	Date-Modified = {2012-12-30 21:06:58 +0000},
	Publisher = {IGI Publishing},
	Title = {Managing Business with SAP: Planning, Implementation, and Evaluation},
	Year = {2005}}

@book{BS17,
	Author = {D. P. Millar and R. L. Heath},
	Date-Added = {2012-12-30 21:05:56 +0000},
	Date-Modified = {2012-12-30 21:06:24 +0000},
	Publisher = {Lawrence Erlbaum Associates},
	Title = {Responding to Crisis: A Rhetorical Approach to Crisis Communication},
	Year = {2003}}

@book{BS16,
	Author = {I. Aaen and A. B{\"o}rjesson and L. Mathiassen},
	Date-Added = {2012-12-30 21:05:11 +0000},
	Date-Modified = {2012-12-30 21:05:46 +0000},
	Publisher = {John Wiley and Sons},
	Title = {SPI agility: How to navigate improvement projects},
	Year = {2006}}

@book{BS15,
	Author = {G. Kappel and E. Michlmayr and B. Pr{\"o}ll and S. Reich and W. Retschitzegger},
	Date-Added = {2012-12-30 21:04:26 +0000},
	Date-Modified = {2012-12-30 21:04:58 +0000},
	Publisher = {Springer},
	Title = {Web Engineering - Old Wine in New Bottles?},
	Year = {2004}}

@book{BS13,
	Author = {R. Qui},
	Date-Added = {2012-12-30 21:03:20 +0000},
	Date-Modified = {2012-12-30 21:03:44 +0000},
	Publisher = {IGI Global},
	Title = {Enterprise Service Computing: From Concept to Deployment},
	Year = {2007}}

@book{BS12,
	Author = {R. Dove},
	Date-Added = {2012-12-30 21:02:45 +0000},
	Date-Modified = {2012-12-30 21:03:06 +0000},
	Publisher = {Wiley},
	Title = {Response Ability-The Language, Structure, and Culture of the Agile Enterprise},
	Year = {2001}}

@book{BS11,
	Author = {R. Foster and S. Kaplan},
	Date-Added = {2012-12-30 21:02:08 +0000},
	Date-Modified = {2012-12-30 21:02:34 +0000},
	Publisher = {McKinsey},
	Title = {Creative Destruction: Why Companies That Are Built to Last Underperform the Market -- and How to Successfully Transform Them},
	Year = {2001}}

@book{BS10,
	Author = {R. Vokurka and G. Fliedner},
	Date-Added = {2012-12-30 21:00:10 +0000},
	Date-Modified = {2012-12-30 21:01:12 +0000},
	Publisher = {MCB UP Ltd},
	Title = {The journey toward agility},
	Year = {1998}}

@book{BS06,
	Author = {K. Dirk and B. Karl and S. Dirk},
	Date-Added = {2012-12-30 20:57:12 +0000},
	Date-Modified = {2012-12-30 20:57:44 +0000},
	Publisher = {Prentice Hall},
	Title = {Enterprise SOA: Service-Oriented Architecture Best Practices},
	Year = {2004}}

@inproceedings{BS05,
	Author = {B. Ha and J. Bae and S. Kang},
	Booktitle = {Second International Conference on Business Process Management (BPM)},
	Date-Added = {2012-12-30 20:55:33 +0000},
	Date-Modified = {2012-12-30 20:57:01 +0000},
	Title = {Workload Balancing on Agents for Business Process Efficency Based on Stochastic Model},
	Year = {2004}}

@book{BS04,
	Author = {G. V. de Putte and T. Benedetti and D. Gagic and P. Gersak and K. Krutzler and M. Perry},
	Date-Added = {2012-12-30 20:54:33 +0000},
	Date-Modified = {2012-12-30 20:55:22 +0000},
	Publisher = {IBM Redbooks},
	Title = {Intra-Enterprise Business Process Management},
	Year = {2001}}

@book{BS03,
	Author = {Peter Fingar},
	Date-Added = {2012-12-30 20:34:41 +0000},
	Date-Modified = {2013-03-21 23:14:22 +0000},
	Publisher = {Prentice Hall},
	Title = {Business Process Management: Integration in a Web-enabled environment},
	Year = {2003}}

@book{BS02,
	Author = {J. F. Chang},
	Date-Added = {2012-12-30 20:32:41 +0000},
	Date-Modified = {2012-12-30 20:34:30 +0000},
	Publisher = {AUERBACH},
	Title = {Business Process Management Systems: Strategy and Implementation},
	Year = {2005}}

@article{BS01,
	Author = {H. Sharifi and Z. Zhang},
	Date-Added = {2012-12-30 20:30:34 +0000},
	Date-Modified = {2012-12-30 20:32:39 +0000},
	Journal = {International Journal of Operations and Production Management},
	Pages = {772-94},
	Title = {Agile manufacturing in practice application of a methodology},
	Volume = {21},
	Year = {2008}}

@book{EV01,
	Author = {Britain, S. and Liber, O.},
	Date-Added = {2012-12-30 17:45:03 +0000},
	Date-Modified = {2012-12-30 17:45:31 +0000},
	Publisher = {JISC Technology Applications Programme.},
	Title = {A Framework for the Pedagogical Evaluation of Virtual Learning Environments},
	Year = {2008}}

@book{EV02,
	Author = {Duffy, T. M. and Kirkley, R. J.},
	Date-Added = {2012-12-30 17:44:19 +0000},
	Date-Modified = {2012-12-30 17:44:51 +0000},
	Publisher = {Lawrence Erlbaum Associates},
	Title = {Learner-Centered Theory and Practice in Distance Education},
	Year = {2004}}

@book{EV03,
	Author = {Endrei, M.},
	Date-Added = {2012-12-30 17:43:42 +0000},
	Date-Modified = {2012-12-30 17:44:08 +0000},
	Publisher = {IBM Redbooks},
	Title = {Patterns: Service Oriented Architecture and Web Services},
	Year = {2004}}

@book{EV04,
	Author = {T. Erl},
	Date-Added = {2012-12-30 17:43:04 +0000},
	Date-Modified = {2012-12-30 17:43:33 +0000},
	Publisher = {Prentice Hall},
	Title = {Service Oriented Architecture: Concepts, Technology, and Design},
	Year = {2005}}

@phdthesis{EV05,
	Author = {Fielding, R. T.},
	Date-Added = {2012-12-30 17:42:12 +0000},
	Date-Modified = {2012-12-30 17:42:54 +0000},
	School = {Irvine: University of California.},
	Title = {Architectural Styles and the Design of Network-based Software Architectures},
	Year = {2001}}

@electronic{EV06,
	Author = {Klims, C.},
	Date-Added = {2012-12-30 17:41:30 +0000},
	Date-Modified = {2012-12-30 17:42:00 +0000},
	Title = {Portal Solutions for University Information Systems with the LMS integration},
	Urldate = {2007}}

@electronic{EV07,
	Author = {Kunkel, M.},
	Date-Added = {2012-12-30 17:39:41 +0000},
	Date-Modified = {2012-12-30 17:41:19 +0000},
	Lastchecked = {7 November 2008},
	Title = {From Stand-alone LMS to Integrated Systems},
	Url = {http://project.bazaar.org/2006/09/15/from-stand-alone-lms-to-integrated-systems/},
	Bdsk-Url-1 = {http://project.bazaar.org/2006/09/15/from-stand-alone-lms-to-integrated-systems/}}

@book{EV08,
	Author = {Kurose, J. F. and Ross, K. W.},
	Date-Added = {2012-12-30 17:38:37 +0000},
	Date-Modified = {2012-12-30 17:39:28 +0000},
	Publisher = {Addison Wisely},
	Title = {Computer Networking: A Top-Down Approach Featuring the Internet, 3/E},
	Year = {2005}}

@article{EV09,
	Author = {Haitham A. El-Ghareeb and A. M. Riad},
	Date-Added = {2012-12-30 17:37:33 +0000},
	Date-Modified = {2012-12-30 17:38:25 +0000},
	Journal = {'', Egyptian Informatic Journal, Cairo Unviersity},
	Number = {1},
	Title = {A Service Oriented Architecture to Integrate Web services and Software Agents in Course Management Systems},
	Volume = {8},
	Year = {2007}}

@article{EV10,
	Author = {Haitham A. El-Ghareeb and A. M. Riad},
	Date-Added = {2012-12-30 17:35:12 +0000},
	Date-Modified = {2012-12-30 17:37:17 +0000},
	Journal = {Turkish Online Journal of Distance Education -- TOJDE},
	Title = {A Service Oriented Architecture to Integrate Mobile Assessment in Learning Management Systems},
	Year = {2008}}

@electronic{M56,
	Date-Added = {2012-12-18 20:06:54 +0000},
	Date-Modified = {2012-12-18 20:07:18 +0000},
	Title = {BizTalk Home - Your Business Connected},
	Url = {http://www.microsoft.com/biztalk/default.mspx},
	Bdsk-Url-1 = {http://www.microsoft.com/biztalk/default.mspx}}

@techreport{M55,
	Author = {M. Brake},
	Date-Added = {2012-12-18 20:06:16 +0000},
	Date-Modified = {2012-12-18 20:06:44 +0000},
	Institution = {Colorado State University},
	Title = {Explaining CORBA},
	Year = {1998}}

@electronic{M54,
	Date-Added = {2012-12-18 20:05:42 +0000},
	Date-Modified = {2012-12-18 20:06:06 +0000},
	Title = {CORBA Basics, OMG: Open Management Group},
	Url = {http://www.omg.org/gettingstarted/corbafaq.htm},
	Bdsk-Url-1 = {http://www.omg.org/gettingstarted/corbafaq.htm}}

@article{M53,
	Author = {S. Hoare},
	Date-Added = {2012-12-18 20:04:39 +0000},
	Date-Modified = {2012-12-18 20:05:09 +0000},
	Journal = {Semantic Arts},
	Title = {Schools of Enterprise Application Architecture: Semantic Arts - Enterprise Architecture Development and Application Integration},
	Year = {2003}}

@electronic{M52,
	Date-Added = {2012-12-18 20:02:54 +0000},
	Date-Modified = {2012-12-18 20:03:18 +0000},
	Title = {Publish/Subscribe, MSDN: Microsoft Digital Developers Network},
	Url = {http://msdn2.microsoft.com/en-us/library/ms978603.aspx},
	Bdsk-Url-1 = {http://msdn2.microsoft.com/en-us/library/ms978603.aspx}}

@electronic{M51,
	Date-Added = {2012-12-18 20:01:40 +0000},
	Date-Modified = {2012-12-18 20:02:44 +0000},
	Title = {Applications Adapters, IBM Software - WebSphere Adapters},
	Url = {http://www-304.ibm.com/jct03001c/software/integration/wbiadapters/apps},
	Bdsk-Url-1 = {http://www-304.ibm.com/jct03001c/software/integration/wbiadapters/apps}}

@techreport{M50,
	Author = {J. Waldo and G. Wyant and A. Wollrath and S. Kendall},
	Date-Added = {2012-12-18 20:00:34 +0000},
	Date-Modified = {2013-03-21 22:53:35 +0000},
	Institution = {Sun Microsystems Laboratories},
	Title = {A Note on Distributed Computing},
	Year = {2004}}

@article{M49,
	Author = {A. Sinha},
	Date-Added = {2012-12-18 19:59:40 +0000},
	Date-Modified = {2012-12-18 20:00:17 +0000},
	Journal = {Communications of the ACM},
	Pages = {77-98},
	Title = {Client-Server Computing},
	Volume = {35},
	Year = {1992}}

@article{M48,
	Author = {G. Andrews},
	Date-Added = {2012-12-18 19:58:34 +0000},
	Date-Modified = {2012-12-18 19:59:14 +0000},
	Journal = {ACM Computing Surveys},
	Pages = {49-90},
	Title = {Paradigms for process interaction in distributed programs},
	Volume = {23},
	Year = {1991}}

@book{M47,
	Author = {G. Anderson and D. Larocca},
	Date-Added = {2012-12-18 19:57:49 +0000},
	Date-Modified = {2013-03-21 23:11:11 +0000},
	Publisher = {SAMA},
	Title = {Sams Teach Yourself SAP{\texttrademark} in 24 Hours, Second Edition},
	Year = {2005}}

@conference{M46,
	Author = {D. Clark and D. Tennenhouse},
	Booktitle = {ACM SIGCOMM`90 Symposium},
	Date-Added = {2012-12-18 19:56:40 +0000},
	Date-Modified = {2013-03-21 23:07:11 +0000},
	Pages = {200-208},
	Title = {Architectural considerations for a new generation of protocols},
	Year = {1990}}

@electronic{M45,
	Date-Added = {2012-12-18 19:55:53 +0000},
	Date-Modified = {2012-12-18 19:56:25 +0000},
	Title = {SAP: Business Software Solutions Applications and Services},
	Url = {http://www.sap.com/},
	Bdsk-Url-1 = {http://www.sap.com/}}

@electronic{M44,
	Date-Added = {2012-12-18 19:55:05 +0000},
	Date-Modified = {2012-12-18 19:55:29 +0000},
	Title = {Oracle E-Business Suite},
	Url = {http://www.oracle.com/applications/e-business-suite.html},
	Bdsk-Url-1 = {http://www.oracle.com/applications/e-business-suite.html}}

@book{M43,
	Author = {C. A. Ptak},
	Date-Added = {2012-12-18 19:54:05 +0000},
	Date-Modified = {2012-12-18 19:54:42 +0000},
	Edition = {2nd},
	Publisher = {CRC Press},
	Title = {ERP: Tools, Techniques, and Applications for Integrating the Supply Chain},
	Year = {2003}}

@book{M42,
	Author = {S. Harwood},
	Date-Added = {2012-12-18 19:53:20 +0000},
	Date-Modified = {2012-12-18 19:53:54 +0000},
	Publisher = {NetLibrary Inc.},
	Title = {ERP: The Implementation Cycle},
	Year = {2003}}

@book{M41,
	Author = {D. N. Chorafas},
	Date-Added = {2012-12-18 19:52:43 +0000},
	Date-Modified = {2012-12-18 19:53:08 +0000},
	Publisher = {CRC Press},
	Title = {Integrating ERP, CRM, Supply Chain Management, and Smart Materials},
	Year = {2001}}

@book{M40,
	Author = {T. Connolly and C. Begg},
	Date-Added = {2012-12-18 19:51:50 +0000},
	Date-Modified = {2013-03-21 23:07:03 +0000},
	Publisher = {Addison-Wesley},
	Title = {Database Systems: A Practical Approach to Design, Implementation and Management},
	Year = {2004}}

@book{M39,
	Author = {W. H. Inmon},
	Date-Added = {2012-12-18 19:51:12 +0000},
	Date-Modified = {2012-12-18 19:51:39 +0000},
	Publisher = {Wiley},
	Title = {Building the Data Warehouse},
	Year = {2005}}

@book{M38,
	Author = {J. Hurwitz},
	Date-Added = {2012-12-18 19:50:40 +0000},
	Date-Modified = {2012-12-18 19:51:02 +0000},
	Publisher = {Wiley},
	Title = {Service Oriented Architecture For Dummies},
	Year = {2007}}

@book{M37,
	Author = {C. J. Date},
	Date-Added = {2012-12-18 19:49:39 +0000},
	Date-Modified = {2012-12-18 19:50:13 +0000},
	Publisher = {Addison Wesley},
	Title = {An Introduction to Database Systems},
	Year = {2004}}

@book{M36,
	Author = {D. K. Barry},
	Date-Added = {2012-12-18 19:49:03 +0000},
	Date-Modified = {2012-12-18 19:49:31 +0000},
	Publisher = {Morgan Kaufmann Publishers},
	Title = {Web Services and Service-Oriented Architecture: The Savvy Manager's Guide},
	Year = {2003}}

@book{M35,
	Author = {G. Hohpe and B. Woolf},
	Date-Added = {2012-12-18 19:48:19 +0000},
	Date-Modified = {2013-03-21 23:00:04 +0000},
	Publisher = {Addison Wesley Professional},
	Title = {Enterprise Integration Patterns: Designing, Building, and Deploying Messaging Solutions},
	Year = {2003}}

@electronic{M34,
	Date-Added = {2012-12-18 19:47:05 +0000},
	Date-Modified = {2012-12-18 19:47:33 +0000},
	Title = {Developing Agile Organizations: Skills for Managers and Team Leaders, Gower},
	Url = {http://www.gowertraining.co.uk/docs/agile.pdf},
	Bdsk-Url-1 = {http://www.gowertraining.co.uk/docs/agile.pdf}}

@article{M33,
	Author = {P. Bernus and M. Fox},
	Date-Added = {2012-12-18 19:46:29 +0000},
	Date-Modified = {2013-03-21 23:10:02 +0000},
	Journal = {Springer},
	Title = {Knowledge Sharing in the Integrated Enterprise: Interoperability Strategies for the Enterprise Architect},
	Year = {2005}}

@article{M32,
	Author = {A. M. Riad and Haitham A. El-Ghareeb},
	Date-Added = {2012-12-18 19:45:18 +0000},
	Date-Modified = {2012-12-18 19:46:07 +0000},
	Journal = {Egyptian informatics Journal, Cairo University},
	Number = {1},
	Title = {Aligning Service Oriented Architecture and Business Process Management Systems to achieve Business Agility},
	Volume = {9},
	Year = {2008}}

@book{M31,
	Author = {T. Erl},
	Date-Added = {2012-12-18 19:43:33 +0000},
	Date-Modified = {2012-12-18 19:43:54 +0000},
	Publisher = {Prentice Hall},
	Title = {Service Oriented Architecture: Concepts, Technology, and Design},
	Year = {2005}}

@book{M30,
	Author = {D. S. Linthicum},
	Date-Added = {2012-12-18 19:42:50 +0000},
	Date-Modified = {2012-12-18 19:43:21 +0000},
	Publisher = {Addison-Wisely},
	Title = {Next Generation Application Integration: From Simple Information to Web Services},
	Year = {2004}}

@techreport{M29,
	Author = {M. Ripeanu},
	Date-Added = {2012-12-18 19:41:52 +0000},
	Date-Modified = {2012-12-18 19:42:16 +0000},
	Institution = {Department of Computer Science, The University of Chicago},
	Title = {Peer-to-Peer Architecture Case Study: Gnutella Network},
	Year = {2001}}

@techreport{M28,
	Author = {G. D. Abowd},
	Date-Added = {2012-12-18 19:41:11 +0000},
	Date-Modified = {2012-12-18 19:41:42 +0000},
	Institution = {Software Engineering Institute, Carnegie Mellon University},
	Title = {Structural Modeling: An Application Framework and Development Process for Flight Simulators},
	Year = {1993}}

@electronic{M27,
	Date-Added = {2012-12-18 19:40:16 +0000},
	Date-Modified = {2012-12-18 19:40:35 +0000},
	Title = {Message Bus, MSDN: Microsoft Developers Network},
	Url = {http://msdn2.microsoft.com/en-us/library/ms978583.aspx},
	Bdsk-Url-1 = {http://msdn2.microsoft.com/en-us/library/ms978583.aspx}}

@electronic{M26,
	Date-Added = {2012-12-18 19:39:23 +0000},
	Date-Modified = {2012-12-18 19:40:03 +0000},
	Title = {Message Broker, MSDN: Microsoft Digital Subscriber Network},
	Url = {http://msdn2.microsoft.com/en-us/library/ms978579.aspx},
	Bdsk-Url-1 = {http://msdn2.microsoft.com/en-us/library/ms978579.aspx}}

@book{M25,
	Author = {B. P. Douglass},
	Date-Added = {2012-12-18 19:38:40 +0000},
	Date-Modified = {2012-12-18 19:39:14 +0000},
	Publisher = {Addison Wesley Professional},
	Title = {Real-Time Design Patterns: Robust Scalable Architecture for Real-Time Systems},
	Year = {2002}}

@techreport{M24,
	Author = {F. Buschmann},
	Date-Added = {2012-12-18 19:37:24 +0000},
	Date-Modified = {2012-12-18 19:38:29 +0000},
	Institution = {Vico.org - Open Modeling},
	Title = {Pattern: Master-Slave},
	Year = {2000}}

@electronic{M23,
	Date-Added = {2012-12-18 19:36:03 +0000},
	Date-Modified = {2012-12-18 19:36:58 +0000},
	Institution = {Carnegie Mellon},
	Title = {Object Request Broker, Software Technology Roadmap},
	Url = {http://www.sei.cmu.edu/str/descriptions/orb.html},
	Bdsk-Url-1 = {http://www.sei.cmu.edu/str/descriptions/orb.html}}

@electronic{M22,
	Date-Added = {2012-12-18 19:35:16 +0000},
	Date-Modified = {2012-12-18 19:35:44 +0000},
	Title = {Liverpool University},
	Url = {http://www.csc.liv.ac.uk/~mjw},
	Bdsk-Url-1 = {http://www.csc.liv.ac.uk/~mjw}}

@article{M21,
	Author = {S. Mary},
	Date-Added = {2012-12-18 19:33:52 +0000},
	Date-Modified = {2012-12-18 19:35:04 +0000},
	Journal = {ACM Software Engineering Notes},
	Pages = {27-38},
	Title = {Beyond Objects: A Software Design Paradigm Based on Process Control},
	Volume = {20},
	Year = {1995}}

@webpage{M20,
	Author = {J. Brownlee},
	Date-Added = {2012-12-18 19:32:40 +0000},
	Date-Modified = {2012-12-18 19:33:51 +0000},
	Institution = {AI Depoit},
	Title = {Finite State Machines (FSM)},
	Url = {http://ai-depot.com/FiniteStateMachines/},
	Bdsk-Url-1 = {http://ai-depot.com/FiniteStateMachines/}}

@book{M19,
	Author = {J. Hunt},
	Date-Added = {2012-12-18 19:31:44 +0000},
	Date-Modified = {2012-12-18 19:32:16 +0000},
	Publisher = {JayDee Technology Ltd.},
	Title = {Blackboard Architectures},
	Year = {2002}}

@phdthesis{M18,
	Author = {R. T. Fielding},
	Date-Added = {2012-12-18 19:30:47 +0000},
	Date-Modified = {2012-12-18 19:31:30 +0000},
	School = {University of California},
	Title = {Architectural Styles and the Design of Network-based Software Architectures},
	Year = {2000}}

@url{M17,
	Date-Added = {2012-12-18 19:28:57 +0000},
	Date-Modified = {2012-12-18 19:30:32 +0000},
	Title = {Client/Server and the N-Tier Model of Distributed Computing, N-Tier.com, Micromax Information Services},
	Url = {http://n-tier.com/articles/csovervw.html},
	Bdsk-Url-1 = {http://n-tier.com/articles/csovervw.html}}

@book{M16,
	Author = {F. Buschmann},
	Date-Added = {2012-12-18 19:27:35 +0000},
	Date-Modified = {2012-12-18 20:58:52 +0000},
	Publisher = {John Wiley and Sons Ltd},
	Title = {A System of Patterns -- Pattern-Oriented Software Architecture},
	Year = {1996}}

@inproceedings{M15,
	Author = {H. L. Muller},
	Booktitle = {Parallel Processing Symposium, Eighth International},
	Date-Added = {2012-12-18 19:26:45 +0000},
	Date-Modified = {2012-12-18 19:27:24 +0000},
	Title = {Parallel evaluation of a parallel architecture by means of calibrated emulation},
	Year = {1994}}

@techreport{M14,
	Author = {F. Bachmann},
	Date-Added = {2012-12-18 19:26:04 +0000},
	Date-Modified = {2012-12-18 19:26:34 +0000},
	Institution = {Software Engineering Institute, Carnegie Mellon},
	Title = {Software Architecture Documentation in Practice: Documenting Architectural Layers},
	Year = {2000}}

@techreport{M13,
	Author = {D. L. March},
	Date-Added = {2012-12-18 19:25:18 +0000},
	Date-Modified = {2012-12-18 19:25:49 +0000},
	Institution = {Academic Computer Center, DeSales University},
	Title = {SOFTWARE ARCHITECTURES - CLASS 3 - PIPE-AND-FILTER STYLE},
	Year = {2003}}

@techreport{M12,
	Author = {C. Calvary, and J. Coutaz, and L. Nigay},
	Date-Added = {2012-12-18 19:24:05 +0000},
	Date-Modified = {2012-12-18 19:24:56 +0000},
	Institution = {ACM},
	Title = {From Single-User Architectural Design to PAC: a Generic Software Architecture Model for CSCW},
	Year = {1997}}

@webpage{M11,
	Author = {G. E. Krasner, and S. T. Pope},
	Date-Added = {2012-12-18 19:19:28 +0000},
	Date-Modified = {2012-12-18 19:20:16 +0000},
	Title = {A Description of the Model-View-Controller User Interface Paradigm in the Smalltalk-80 System},
	Url = {http://www.ccmrc.ucsb.edu/~stp/PostScript/mvc.pdf},
	Bdsk-Url-1 = {http://www.ccmrc.ucsb.edu/~stp/PostScript/mvc.pdf}}

@electronic{M10,
	Author = {P. Bergen},
	Date-Added = {2012-12-18 19:18:22 +0000},
	Date-Modified = {2012-12-18 19:19:03 +0000},
	Title = {Garfixia Software Architectures},
	Url = {http://www.dossier-andreas.net/software_architecture/},
	Bdsk-Url-1 = {http://www.dossier-andreas.net/software_architecture/}}

@electronic{M09,
	Date-Added = {2012-12-18 19:17:41 +0000},
	Date-Modified = {2012-12-18 19:18:07 +0000},
	Title = {Architectural Patterns, Enterprise Architecture Standards, Certification, and Services, The Open Group},
	Url = {http://www.opengroup.org/architecture/togaf7-doc/arch/p4/patterns/patterns.htm},
	Bdsk-Url-1 = {http://www.opengroup.org/architecture/togaf7-doc/arch/p4/patterns/patterns.htm}}

@book{M07,
	Author = {L. Hohmann},
	Date-Added = {2012-12-18 19:15:54 +0000},
	Date-Modified = {2012-12-18 19:16:26 +0000},
	Publisher = {Addison Wesley},
	Title = {Beyond Software Architecture: Creating and Sustaining Winning Solutions},
	Year = {2003}}

@electronic{M06,
	Date-Added = {2012-12-18 19:12:19 +0000},
	Date-Modified = {2012-12-18 19:15:36 +0000},
	Title = {Enterprise Architecture Seminar, Software Architecture Training and Consulting, Bredemeyer Consulting},
	Url = {http://www.bredemeyer.com/EnterpriseArchitecture/ Enterprise_Architecture_Seminar.htm},
	Year = {2004},
	Bdsk-Url-1 = {http://www.bredemeyer.com/EnterpriseArchitecture/%20Enterprise_Architecture_Seminar.htm}}

@electronic{M05,
	Date-Added = {2012-12-18 19:11:20 +0000},
	Date-Modified = {2012-12-18 19:12:07 +0000},
	Title = {An Introduction to Enterprise Architecture, Arch2Arch, BEA},
	Url = {http://dev2dev.bea.com/pub/a/2006/03/enterprise-architecture.html?page=2},
	Bdsk-Url-1 = {http://dev2dev.bea.com/pub/a/2006/03/enterprise-architecture.html?page=2}}

@techreport{M04,
	Author = {L. M. Pittenger},
	Date-Added = {2012-12-18 19:09:47 +0000},
	Date-Modified = {2012-12-18 19:11:08 +0000},
	Institution = {CMIT},
	Title = {The IT Organization of the Future, People Strategies},
	Year = {2001}}

@techreport{M03,
	Author = {L. Bass B. John and J. Kates},
	Date-Added = {2012-12-18 19:08:53 +0000},
	Date-Modified = {2013-03-21 22:57:17 +0000},
	Institution = {Software Engineering Institute (SEI)},
	Title = {Achieving Usability Through Software Architecture},
	Year = {2001}}

@article{M01,
	Author = {A. Macaulay},
	Date-Added = {2012-12-18 19:07:20 +0000},
	Date-Modified = {2012-12-18 19:08:01 +0000},
	Journal = {Microsoft Architects Journal},
	Pages = {4-9},
	Title = {Enterprise Architecture Design and the Integrated Architecture Framework},
	Year = {2004}}

@electronic{Wiki-eCommerce,
	Date-Added = {2012-12-18 13:46:43 +0000},
	Date-Modified = {2012-12-18 13:55:32 +0000},
	Title = {E-Commerce, Wikipedia.},
	Url = {http://www.techrepublic.com/whitepapers/application-of-decision-support-system-in-e-commerce/1922959},
	Bdsk-Url-1 = {http://www.techrepublic.com/whitepapers/application-of-decision-support-system-in-e-commerce/1922959}}

@electronic{Wiki-KMP,
	Date-Added = {2012-12-18 13:45:00 +0000},
	Date-Modified = {2012-12-18 13:57:55 +0000},
	Title = {Knowledge Managment Portals, Wikipedia.},
	Url = {http://www-07.ibm.com/hk/e-business/events/archives/downloads/governmentpitch_intranet_v2.pdf},
	Bdsk-Url-1 = {http://www-07.ibm.com/hk/e-business/events/archives/downloads/governmentpitch_intranet_v2.pdf}}

@electronic{Wiki-IA,
	Date-Added = {2012-12-18 13:43:08 +0000},
	Date-Modified = {2012-12-18 13:57:40 +0000},
	Title = {Intelligent Agents, Wikipedia.},
	Url = {http://en.wikipedia.org/wiki/Intelligent_agent},
	Bdsk-Url-1 = {http://en.wikipedia.org/wiki/Intelligent_agent}}

@electronic{Wiki-ANN,
	Date-Added = {2012-12-18 13:41:46 +0000},
	Date-Modified = {2012-12-18 13:53:19 +0000},
	Title = {Artifical Neural Networks, Wikipedia.},
	Url = {http://en.wikipedia.org/wiki/Artificial_neural_network},
	Bdsk-Url-1 = {http://en.wikipedia.org/wiki/Artificial_neural_network}}

@electronic{Wiki-ES,
	Date-Added = {2012-12-18 13:40:46 +0000},
	Date-Modified = {2012-12-18 13:57:29 +0000},
	Title = {Expert Systems, Wikipedia.},
	Url = {http://en.wikipedia.org/wiki/Expert_system},
	Bdsk-Url-1 = {http://en.wikipedia.org/wiki/Expert_system}}

@electronic{Wiki-KMS,
	Date-Added = {2012-12-18 12:44:01 +0000},
	Date-Modified = {2012-12-18 13:58:12 +0000},
	Title = {Knowledge Mangement Systems, Wikipedia.},
	Url = {http://www.howto.gov/contact-centers/technologies/knowledge-management-systems},
	Bdsk-Url-1 = {http://www.howto.gov/contact-centers/technologies/knowledge-management-systems}}

@electronic{Wiki-SCM,
	Date-Added = {2012-12-18 12:41:16 +0000},
	Date-Modified = {2012-12-18 13:58:37 +0000},
	Title = {Supply Chain Management, Wikipedia.},
	Url = {http://en.wikipedia.org/wiki/Supply_chain_management},
	Bdsk-Url-1 = {http://en.wikipedia.org/wiki/Supply_chain_management}}

@electronic{Wiki-CRM,
	Date-Added = {2012-12-18 12:38:46 +0000},
	Date-Modified = {2012-12-18 13:54:38 +0000},
	Title = {Customer Relationship Management, Wikipedia.},
	Url = {http://en.wikipedia.org/wiki/Customer_relationship_management},
	Bdsk-Url-1 = {http://en.wikipedia.org/wiki/Customer_relationship_management}}

@electronic{Wiki-ERP,
	Date-Added = {2012-12-18 12:37:33 +0000},
	Date-Modified = {2012-12-18 13:57:18 +0000},
	Title = {Enterprise Resource Planning, Wikipedia.},
	Url = {http://en.wikipedia.org/wiki/Enterprise_resource_planning},
	Bdsk-Url-1 = {http://en.wikipedia.org/wiki/Enterprise_resource_planning}}

@electronic{Wiki-ERM,
	Date-Added = {2012-12-18 12:35:42 +0000},
	Date-Modified = {2012-12-18 13:57:00 +0000},
	Title = {Enterprise Resource Management},
	Url = {http://searchsap.techtarget.com/definition/ERM},
	Bdsk-Url-1 = {http://searchsap.techtarget.com/definition/ERM}}

@electronic{Wiki-EIP,
	Date-Added = {2012-12-18 12:32:52 +0000},
	Date-Modified = {2012-12-18 13:55:48 +0000},
	Title = {Enterprise Information Portals, Wikipedia.},
	Url = {http://en.wikipedia.org/wiki/Enterprise_portal},
	Bdsk-Url-1 = {http://en.wikipedia.org/wiki/Enterprise_portal}}

@electronic{Wiki-EIS,
	Date-Added = {2012-12-18 12:28:02 +0000},
	Date-Modified = {2012-12-18 13:56:32 +0000},
	Title = {Enterprise Information System, Wikipedia.},
	Url = {http://en.wikipedia.org/wiki/Enterprise_information_system},
	Bdsk-Url-1 = {http://en.wikipedia.org/wiki/Enterprise_information_system}}

@electronic{Wiki-CASE,
	Date-Added = {2012-12-18 12:24:38 +0000},
	Date-Modified = {2012-12-18 13:56:46 +0000},
	Title = {Computer Assisted Systems Engineering, Wikipedia.},
	Url = {http://en.wikipedia.org/wiki/Computer-aided_software_engineering},
	Bdsk-Url-1 = {http://en.wikipedia.org/wiki/Computer-aided_software_engineering}}

@electronic{Wiki-OLAP,
	Date-Added = {2012-12-18 12:23:20 +0000},
	Date-Modified = {2012-12-18 13:58:26 +0000},
	Title = {Online Analytical Processing, Wikipedia.},
	Url = {http://en.wikipedia.org/wiki/Online_analytical_processing},
	Bdsk-Url-1 = {http://en.wikipedia.org/wiki/Online_analytical_processing}}

@electronic{Wiki-BI,
	Date-Added = {2012-12-18 12:20:52 +0000},
	Date-Modified = {2012-12-18 13:54:01 +0000},
	Title = {Business Intelligence, Wikipedia.},
	Url = {http://en.wikipedia.org/wiki/Business_intelligence},
	Bdsk-Url-1 = {http://en.wikipedia.org/wiki/Business_intelligence}}

@electronic{Wiki-DW,
	Date-Added = {2012-12-18 12:19:05 +0000},
	Date-Modified = {2012-12-18 13:55:18 +0000},
	Title = {Data Warehouse, Wikipedia.},
	Url = {http://en.wikipedia.org/wiki/Data_warehouse},
	Bdsk-Url-1 = {http://en.wikipedia.org/wiki/Data_warehouse}}

@electronic{Wiki-DM,
	Date-Added = {2012-12-18 12:18:03 +0000},
	Date-Modified = {2012-12-18 13:54:50 +0000},
	Title = {Data Mining, Wikipedia.},
	Url = {http://en.wikipedia.org/wiki/Data_mining},
	Bdsk-Url-1 = {http://en.wikipedia.org/wiki/Data_mining}}

@electronic{Wiki-BA,
	Date-Added = {2012-12-18 12:17:09 +0000},
	Date-Modified = {2012-12-18 13:53:48 +0000},
	Title = {Business Analytics, Wikipedia.},
	Url = {http://en.wikipedia.org/wiki/Business_analytics},
	Bdsk-Url-1 = {http://en.wikipedia.org/wiki/Business_analytics}}

@electronic{Wiki-DSS,
	Date-Added = {2012-12-18 12:09:48 +0000},
	Date-Modified = {2012-12-18 13:55:05 +0000},
	Title = {Decision Support Systems, Wikipedia.},
	Url = {http://en.wikipedia.org/wiki/Decision_support_system},
	Bdsk-Url-1 = {http://en.wikipedia.org/wiki/Decision_support_system}}

@webpage{R70,
	Author = {Brant A. Cheikes},
	Date-Added = {2012-12-18 10:35:35 +0000},
	Date-Modified = {2012-12-18 10:36:21 +0000},
	Title = {GIA: An Agent-Based Architecture for Intelligent Tutoring Systems},
	Url = {http://citeseerx.ist.psu.edu/viewdoc/summary?doi=10.1.1.25.2930},
	Bdsk-Url-1 = {http://citeseerx.ist.psu.edu/viewdoc/summary?doi=10.1.1.25.2930}}

@techreport{R69,
	Author = {Charles A. Shoniregun and Sarah-Jane Gray},
	Date-Added = {2012-12-18 10:34:47 +0000},
	Date-Modified = {2013-03-21 22:47:44 +0000},
	Institution = {Ubiquity},
	Number = {10},
	Title = {Is e-Learning Really the Future or a Risk?},
	Year = {2003}}

@inproceedings{R68,
	Author = {Wan-Jen Chang and Hsuan-Hung Chen and Hui-Kai Su and Yuan-Sun Chu and Kim-Joan Chen},
	Booktitle = {Proceedings of the Sixth International Conference on Advanced Learning Technologies (ICALT'06)},
	Date-Added = {2012-12-18 10:33:40 +0000},
	Date-Modified = {2013-03-21 23:08:14 +0000},
	Title = {Design of Knowledge Management Learning System based on Service Oriented Architecture},
	Year = {2006}}

@inproceedings{R67,
	Author = {Theodre K. Apostolopulos and Anna Kefala},
	Booktitle = {Proceedings of the IEEE International Conference on Advanced Learning Technologies (ICALT'04)},
	Date-Added = {2012-12-18 10:32:45 +0000},
	Date-Modified = {2013-03-21 23:10:57 +0000},
	Title = {An XML-based E-learning Service Management Framework},
	Year = {2004}}

@article{R66,
	Author = {Pedro J. Mu{\~n}oz-Merino Carlos Delgado Kloos and Jes{\'u}s Fern{\'a}ndez Naranjo},
	Date-Added = {2012-12-18 10:31:29 +0000},
	Date-Modified = {2013-03-21 22:59:03 +0000},
	Journal = {Computer Standards and Interfaces, El-Sevier},
	Title = {Enabling Interoperability for LMS educational Services},
	Year = {2009}}

@article{R64,
	Author = {Andreas Harrer and Niels Pinkwart and Bruce M. McLaren and Oliver Scheuer},
	Date-Added = {2012-12-18 10:29:26 +0000},
	Date-Modified = {2013-03-21 23:02:03 +0000},
	Journal = {IEEE Transactions on Learning Technologies},
	Title = {The Scalable Adapter Design Pattern: Enabling Interoperability between Educational Software Tools},
	Year = {2008}}

@inproceedings{R63,
	Author = {Michael Derntl and Juergen Mangler},
	Booktitle = {Proceedings of the IEEE International Conference on Advanced Learning Technologies (ICALT'04)},
	Date-Added = {2012-12-18 10:28:09 +0000},
	Date-Modified = {2013-03-21 23:05:59 +0000},
	Title = {Web Services for Blended Learning Patterns},
	Year = {2004}}

@conference{R62,
	Author = {Zhengfang Xu Zheng Yin and Abdulmotaleb El Saddik},
	Booktitle = {Canadian Conference on Electrical and Computer Engineering; CCECE/CCGEI},
	Date-Added = {2012-12-18 10:27:01 +0000},
	Date-Modified = {2013-03-21 22:42:35 +0000},
	Title = {A Web Services Oriented Framework for Dynamic E-Learning Systems},
	Year = {2003}}

@conference{R61,
	Author = {Chih-Ping Chu and Ching-Pao Chang and Chung-Wei Yeh and Yu-Fang Yeh},
	Booktitle = {International Conference on Information Technology: Coding and Computing (ITCC'04)},
	Date-Added = {2012-12-18 10:25:34 +0000},
	Date-Modified = {2013-03-21 23:07:31 +0000},
	Title = {A Web-Service Oriented Framework for building SCORM Compataible Learning Management Systems},
	Year = {2004}}

@article{R60,
	Author = {Moon Ting Su and Chee Shyang Wong and Chuak Fen Soo and Choon Tsun Ooi and Shun Ling Sow},
	Date-Added = {2012-12-18 10:18:36 +0000},
	Date-Modified = {2013-03-21 22:46:39 +0000},
	Journal = {Information Technologies and Applications in Education (ISITAE apos)},
	Title = {Service-Oriented E-Learning System},
	Year = {2007}}

@techreport{R59,
	Author = {Ajlan Al-Ajlan and Hussein Zedan},
	Date-Added = {2012-12-18 10:17:35 +0000},
	Date-Modified = {2013-03-21 23:11:43 +0000},
	Institution = {De Montfort University, ZDnet White Papers},
	Title = {E-Learning (MOODLE) Based on Service Oriented Architecture},
	Year = {2008}}

@article{R58,
	Author = {Declan Dagger and Alexander O'Connor and S{\'e}amus Lawless and Eddie Walsh and Vincent Wade},
	Date-Added = {2012-12-18 10:16:30 +0000},
	Date-Modified = {2013-03-21 23:06:34 +0000},
	Journal = {IEEE INTERNET COMPUTING},
	Title = {Service Oriented eLearning Platforms: From Monolithic Systems to Flexible Services},
	Year = {2007}}

@url{R57,
	Author = {X. Zhou and J. Li and H. Shen and M. Kitsuregawa and Y. Zhang},
	Date-Added = {2012-12-18 10:15:32 +0000},
	Date-Modified = {2013-03-21 22:41:45 +0000},
	Title = {Frontiers of WWW Research and Development, Springer},
	Urldate = {2006}}

@url{R56,
	Author = {J. Cowan, R. Tobin},
	Date-Added = {2012-12-18 10:14:34 +0000},
	Date-Modified = {2012-12-18 10:15:16 +0000},
	Title = {XML Information Set (Second Edition), W3C},
	Urldate = {2004}}

@url{R55,
	Author = {M. Gudgin},
	Date-Added = {2012-12-18 10:13:22 +0000},
	Date-Modified = {2012-12-18 10:14:25 +0000},
	Title = {SOAP Version 1.2 Part 1: Messaging Framework, W3C},
	Urldate = {2003}}

@webpage{R54,
	Author = {D. Sprott},
	Date-Added = {2012-12-18 10:12:06 +0000},
	Date-Modified = {2012-12-18 10:13:11 +0000},
	Title = {A Web service Maturity Model, CBDI forum},
	Url = {http://roadmap.cbdiforum.com/reports/maturity/maturity2.php},
	Bdsk-Url-1 = {http://roadmap.cbdiforum.com/reports/maturity/maturity2.php}}

@url{R53,
	Author = {D. Booth},
	Date-Added = {2012-12-18 10:09:30 +0000},
	Date-Modified = {2012-12-18 10:10:21 +0000},
	Title = {Web Services Architecture, W3C}}

@url{R52,
	Author = {P. Shodjai},
	Date-Added = {2012-12-18 10:08:50 +0000},
	Date-Modified = {2012-12-18 10:10:30 +0000},
	Journal = {Microsoft Software Developers Network (MSDN)},
	Title = {Web services and the Microsoft Platform},
	Year = {2006}}

@article{R51,
	Author = {David Sprott, Lawrence Wilkes},
	Date-Added = {2012-12-18 10:07:53 +0000},
	Date-Modified = {2012-12-18 10:08:39 +0000},
	Journal = {Microsoft Architect Journal},
	Pages = {10-17},
	Title = {Understanding Service Oriented Architecture},
	Volume = {1},
	Year = {2004}}

@webpage{R50,
	Author = {Edward R. Sykes, Franya Franek},
	Date-Added = {2012-12-18 10:06:41 +0000},
	Date-Modified = {2012-12-18 10:07:42 +0000},
	Title = {Web-Based Architecture of an Intelligent Tutoring System for Remote Students Learning to Program Java},
	Url = {http://www.research.att.com/~rjana/sykes_franek.pdf},
	Bdsk-Url-1 = {http://www.research.att.com/~rjana/sykes_franek.pdf}}

@article{R49,
	Author = {Mary A. Mark, Jim E. Greer},
	Date-Added = {2012-12-18 10:06:02 +0000},
	Date-Modified = {2012-12-18 10:06:32 +0000},
	Journal = {Journal of Artificial Intelligence in Education},
	Title = {Evaluation Methodologies for Intelligent Tutoring Systems},
	Year = {1993}}

@webpage{R48,
	Author = {B. H. Sreenivasa Sarma and B. Ravindran},
	Date-Added = {2012-12-18 10:04:27 +0000},
	Date-Modified = {2013-03-21 22:48:38 +0000},
	Title = {Intelligent Tutoring System using Reinforcement Learning to teach Autistic Students},
	Url = {http://www.cs.iitm.ernet.in/~ravi/papers/Sarma_HOIT_07.pdf},
	Bdsk-Url-1 = {http://www.cs.iitm.ernet.in/~ravi/papers/Sarma_HOIT_07.pdf}}

@article{R47,
	Author = {Albert T. Corbett and Kenneth R. Koedinger and John R. Anderson},
	Date-Added = {2012-12-18 09:59:56 +0000},
	Date-Modified = {2013-03-21 23:06:49 +0000},
	Journal = {Handbook of Human-Computer Interaction},
	Title = {Intelligent Tutoring Systems},
	Year = {1997}}

@inproceedings{R46,
	Author = {O.R. Zaiane},
	Booktitle = {Proceedings of International Conference on Computers in Education},
	Date-Added = {2012-12-18 09:57:57 +0000},
	Date-Modified = {2012-12-18 09:59:47 +0000},
	Pages = {55-59},
	Read = {1},
	Title = {Building a Recommender Agent for e-Learning Systems},
	Year = {2002}}

@article{R45,
	Author = {Alfredo Garro and Luigi Palopoli},
	Date-Added = {2012-12-18 09:55:56 +0000},
	Date-Modified = {2012-12-18 09:57:42 +0000},
	Journal = {Agent Technologies, Infrastructures, Tools, and Applications for E-Services , Lecture Notes in Computer Science},
	Pages = {283-294},
	Title = {An XML Multi-agent System for E-learning and Skill Management},
	Year = {2003}}

@electronic{R44,
	Date-Added = {2012-12-18 09:55:06 +0000},
	Date-Modified = {2013-01-01 21:55:03 +0000},
	Title = {FIPA.org},
	Url = {http://www.FIPA.org},
	Bdsk-Url-1 = {http://www.FIPA.org}}

@webpage{R43,
	Author = {J. M. Bradshaw},
	Date-Added = {2012-12-18 09:53:54 +0000},
	Date-Modified = {2012-12-18 09:54:46 +0000},
	Title = {KAoS: An Open Agent Architecture Supporting Reuse, Interoperability, and Extensibility},
	Url = {http://ksi.cpsc.ucalgary.ca/KAW/KAW96/bradshaw/KAW.html},
	Bdsk-Url-1 = {http://ksi.cpsc.ucalgary.ca/KAW/KAW96/bradshaw/KAW.html}}

@book{R42,
	Author = {S. Virdhagriswaran and D. Osisek and  O'Connor},
	Date-Added = {2012-12-18 09:53:07 +0000},
	Date-Modified = {2013-03-21 22:45:29 +0000},
	Publisher = {ACM Press},
	Title = {Standardizing agent technology},
	Year = {1995}}

@techreport{R41,
	Author = {M. R. Genesereth},
	Date-Added = {2012-12-18 09:52:10 +0000},
	Date-Modified = {2012-12-18 09:52:56 +0000},
	Institution = {Knowledge Interchange Format, NCITS.T2/98-004},
	Title = {draft proposed American National Standard (dpANS)},
	Year = {2004}}

@electronic{R39,
	Date-Added = {2012-12-17 09:43:17 +0000},
	Date-Modified = {2012-12-17 09:45:11 +0000},
	Read = {1},
	Title = {CPS 720, Artificial Intelligence Programming, Ryerson University, Toronto, Canada},
	Url = {http://www.ryerson.ca/~dgrimsha/courses/cps720/index.html},
	Bdsk-Url-1 = {http://www.ryerson.ca/~dgrimsha/courses/cps720/index.html}}

@inproceedings{R38,
	Author = {Stan Franklin and Art Graesser},
	Booktitle = {Proceedings of the Third International Workshop on Agent Theories, Architectures, and Languages},
	Date-Added = {2012-12-17 09:42:22 +0000},
	Date-Modified = {2012-12-17 09:43:04 +0000},
	Publisher = {Springer-Verlag},
	Read = {1},
	Title = {Is it an Agent, or just a Program?:A Taxonomy for Autonomous Agents},
	Year = {1996}}

@inproceedings{R36,
	Author = {K. K. Loo and B. Cheng},
	Booktitle = {Proceedings of Artificial Intelligence and Applications},
	Date-Added = {2012-12-17 09:37:05 +0000},
	Date-Modified = {2013-03-21 22:53:48 +0000},
	Publisher = {ACTA Press},
	Read = {1},
	Title = {Fuzzy Logic and Data Mining for e-Learning Personalization},
	Year = {2003}}

@conference{R35,
	Author = {Y. Chen},
	Booktitle = {World Conference on Educational Multimedia, Hypermedia and Telecommunications (EDMEDIA)},
	Date-Added = {2012-12-17 09:36:06 +0000},
	Date-Modified = {2012-12-17 09:36:39 +0000},
	Read = {1},
	Title = {Use Feedback and Fuzzy Self-Organizing Map to improve Adaptive e-Learning Model},
	Year = {2007}}

@article{R34,
	Author = {J. Vrettaros and G. Vouros and A. Drigas},
	Date-Added = {2012-12-17 09:35:00 +0000},
	Date-Modified = {2013-03-21 22:44:52 +0000},
	Journal = {WSEA Transactions on Information Science and Applications},
	Number = {6},
	Read = {1},
	Title = {Development of a Diagonistic System of Taxonomies Using Fuzzy Logic -- Case SOLO (useful for e-learning system},
	Volume = {1},
	Year = {2004}}

@inproceedings{R33,
	Author = {Anna Hovakimyan and Siranush Sargsyan and Sergey Barkhoudaryan},
	Booktitle = {ICALT: Proceedings of the IEEE International Conference on Advanced Learning Technologies},
	Date-Added = {2012-12-17 09:34:12 +0000},
	Date-Modified = {2013-03-21 22:59:43 +0000},
	Read = {1},
	Title = {Genetic Algorithm and the Problem of Getting Knowledge in e-Learning Systems},
	Year = {2004}}

@article{R32,
	Author = {Mu-Jung Huang and Hwa-Shan Huang and Mu-Yen Chen},
	Date-Added = {2012-12-17 09:32:49 +0000},
	Date-Modified = {2013-03-21 22:59:31 +0000},
	Journal = {Expert Systems with Applications: An International Journal},
	Read = {1},
	Title = {Constructing a Personalized e-Learning System based on Genetic Algorithm and Case-Based Reasoning Approach},
	Year = {2007}}

@article{R31,
	Author = {J.E. Villaverde and D. Godoy and A. Amandi},
	Date-Added = {2012-12-17 09:30:56 +0000},
	Date-Modified = {2013-03-21 22:45:47 +0000},
	Journal = {Journal of Computer Assisted Learning},
	Number = {3},
	Pages = {197-206},
	Read = {1},
	Title = {Learning Styles' Recognition in E-Learning Environments with Feed-Forward Neural Networks},
	Volume = {22},
	Year = {2006}}

@electronic{R30,
	Date-Added = {2012-12-17 09:29:42 +0000},
	Date-Modified = {2012-12-17 09:33:48 +0000},
	Lastchecked = {25/3/2009},
	Read = {1},
	Title = {SRI Consulting Business Intelligence},
	Url = {http://www.sric-bi.com/Explorer/NN.shtml},
	Bdsk-Url-1 = {http://www.sric-bi.com/Explorer/NN.shtml}}

@article{R29,
	Author = {David J. Steinhart},
	Date-Added = {2012-12-17 09:28:50 +0000},
	Date-Modified = {2012-12-17 09:33:55 +0000},
	Journal = {Faculty of The Graduate School of the University of Colorado},
	Read = {1},
	Title = {Summary Street: An Intelligent Tutoring System for Improving Student Writing Through the Use of Latent Semantic Analysis},
	Year = {2001}}

@conference{R28,
	Author = {Dunwei Wen and Fuhua Lin},
	Booktitle = {icalt, Eighth IEEE International Conference on Advanced Learning Technologies},
	Date-Added = {2012-12-17 09:27:46 +0000},
	Date-Modified = {2013-03-21 22:44:06 +0000},
	Pages = {1005-1006},
	Read = {1},
	Title = {Ways and Means of Employing AI Technology in E-Learning Systems},
	Year = {2008}}

@webpage{R27,
	Date-Added = {2012-12-17 09:25:30 +0000},
	Date-Modified = {2012-12-17 09:27:35 +0000},
	Lastchecked = {20/3/2009},
	Rating = {0},
	Read = {1},
	Title = {e-Learning Engineering},
	Url = {http://www.elearning-engineering.com/ai.htm},
	Bdsk-Url-1 = {http://www.elearning-engineering.com/ai.htm}}

@article{R25,
	Author = {Christopher Paul Bailey},
	Date-Added = {2012-12-17 09:23:25 +0000},
	Date-Modified = {2012-12-17 09:24:31 +0000},
	Journal = {Departments of Electronics and Computer Science, Faculty of Engineering, University of Southampton, United Kingdom},
	Read = {1},
	Title = {An Agent-Based Framework to Support Adaptive Hypermedia},
	Year = {2002}}

@inproceedings{R24,
	Author = {Ioannis Hatzilygeroudis and Constantinos Koutsojannis and Constantinos Papavlasopoulos and Jim Prentzas},
	Booktitle = {Proceedings of the Sixth IEEE International Conference on Advanced Learning Technologies (ICALT)},
	Date-Added = {2012-12-17 09:21:40 +0000},
	Date-Modified = {2013-03-21 23:01:41 +0000},
	Title = {Knowledge-Based Adaptive Assessment in a Web-Based Intelligent Educational System},
	Year = {2006}}

@conference{R23,
	Author = {Miikka Miettinen and Jaakko Kurhila and Henry Tirri},
	Booktitle = {The 12th International Conference on Artificial Intelligence in Education (AIED 2005)},
	Date-Added = {2012-12-17 09:18:59 +0000},
	Date-Modified = {2013-03-21 22:52:39 +0000},
	Read = {1},
	Title = {On the Prospects of Intelligent Collaborative E-learning Systems},
	Year = {2005}}

@inproceedings{R22,
	Address = {Malaga, Spain},
	Author = {Christopher Bailey and WendyHall and David E. Millard and MarkJ.Weal},
	Booktitle = {Proceedings of the Second International Conference on Adaptive Hypermedia and Adaptive Web Based Systems},
	Date-Added = {2012-12-17 09:18:03 +0000},
	Date-Modified = {2013-03-21 23:10:45 +0000},
	Read = {1},
	Title = {Towards Open Adaptive Hypermedia},
	Year = {2002}}

@article{R21,
	Author = {Peter Brusilvosky},
	Date-Added = {2012-12-17 09:17:10 +0000},
	Date-Modified = {2012-12-17 09:17:52 +0000},
	Journal = {User Modeling and User-Adapted Interaction: 11},
	Read = {1},
	Title = {Adaptive Hypermedia},
	Year = {2001}}

@article{R20,
	Author = {Peter Brusilovsky},
	Date-Added = {2012-12-17 09:10:55 +0000},
	Date-Modified = {2012-12-17 09:13:20 +0000},
	Journal = {User Modeling and User-Adapted Interaction: 6},
	Read = {1},
	Title = {Methods and Techniques of Adaptive Hypermedia},
	Year = {1996}}

@article{R19,
	Author = {Alfred Kobsa and Jurgen Konemann and Wolfgang Pohl},
	Date-Added = {2012-12-17 09:10:00 +0000},
	Date-Modified = {2013-03-21 22:58:46 +0000},
	Journal = {The Knowledge Engineering Review},
	Pages = {111-155},
	Read = {1},
	Title = {Personalized Hypermedia Presentation Techniques for Improving Online Customer Relationships},
	Volume = {16},
	Year = {2001}}

@article{R18,
	Author = {Alexandros Paramythis and Susanne Loidl-Reisinger},
	Date-Added = {2012-12-17 09:09:10 +0000},
	Date-Modified = {2013-03-21 22:50:33 +0000},
	Journal = {Electronic Journal on e-Learning},
	Number = {1},
	Read = {1},
	Title = {Adaptive Learning Environments and e-Learning Standard},
	Volume = {2},
	Year = {2004}}

@conference{R17,
	Author = {E. Espinosa and V. Robledo-Rella and L. Neri and J. Noguez},
	Booktitle = {Frontiers in education conference, FIE apos; 07},
	Date-Added = {2012-12-17 09:08:08 +0000},
	Date-Modified = {2013-03-21 23:03:49 +0000},
	Read = {1},
	Title = {Towards an adaptive delivery of evaluation tools},
	Year = {2007}}

@conference{R16,
	Author = {John Eklund and Peter Brusilovsky and Elmar Schwarz},
	Booktitle = {Third Australian World Wide Web Conference},
	Date-Added = {2012-12-17 09:07:11 +0000},
	Date-Modified = {2013-03-21 23:04:04 +0000},
	Organization = {Southern Cross University},
	Read = {1},
	Title = {Adaptive Textbooks on the World Wide Web},
	Year = {1997}}

@article{R15,
	Author = {Christian Gutl and Victor Manuel Barrios and Felix Modritscher},
	Date-Added = {2012-12-17 09:06:19 +0000},
	Date-Modified = {2013-03-21 23:02:18 +0000},
	Journal = {IDC: US Corporate and Government eLearning Forecase},
	Read = {1},
	Title = {Adaptation in E-Learning Environments through the Service-Based Framework and its Application for AdeLE},
	Year = {2003}}

@article{R14,
	Author = {Natalia Stash},
	Date-Added = {2012-12-17 09:05:22 +0000},
	Date-Modified = {2012-12-17 09:13:46 +0000},
	Journal = {SIKS},
	Read = {1},
	Title = {Incorporating Cognitive/Learning Styles in a General-Purpose Adaptive Hypermedia Systems},
	Year = {2007}}

@inproceedings{R13,
	Address = {Netherlands},
	Author = {Daniel Burgos and Colin Tattersall and Rob Koper},
	Booktitle = {CELSTEC Research on Learning Networks, Open Universities},
	Date-Added = {2012-12-17 09:04:27 +0000},
	Date-Modified = {2013-03-21 23:09:02 +0000},
	Read = {1},
	Title = {Representing adaptive and adaptable Units of Learning. How to model personalized eLearning in IMS Learning Design},
	Year = {2006}}

@inproceedings{R12,
	Address = {Sydney},
	Author = {Peter Brusilovsky},
	Booktitle = {Proceedings of the AIED 2003 Workshop Towards Intelligent Learning Management Systems},
	Date-Added = {2012-12-17 09:03:17 +0000},
	Date-Modified = {2012-12-17 09:13:55 +0000},
	Read = {1},
	Title = {A Distributed Architecture for Adaptive and Intelligent Learning Management Systems},
	Year = {2003}}

@inproceedings{R11,
	Author = {N. Matar and S. Khwaldeh and Z.Hunaiti},
	Booktitle = {The 8th Annual Postgraduate Symposium: The Convergence of Telecommunications, Networking and Broadcasting},
	Date-Added = {2012-12-17 09:02:00 +0000},
	Date-Modified = {2013-03-21 22:52:58 +0000},
	Organization = {Liverpool Johm Moores University},
	Read = {1},
	Title = {Adaptive Unified E-learning System for Supporting Better E-learning Approac},
	Year = {2007}}

@inproceedings{R10,
	Author = {Felix Modritscher and Victor Manuel Garcia-Barrios and Christian G{\"u}tl},
	Booktitle = {Proceedings of the International Conference on Interactive Computer Aided Learning (ICL2004)},
	Date-Added = {2012-12-17 09:00:54 +0000},
	Date-Modified = {2013-03-21 22:52:20 +0000},
	Read = {1},
	Title = {The Past, the Present, and the Future of adaptive E-Learning},
	Year = {2004}}

@book{R09,
	Author = {D. G. Moursund},
	Date-Added = {2012-12-17 08:59:10 +0000},
	Date-Modified = {2012-12-17 09:14:08 +0000},
	Publisher = {David Moursund},
	Read = {1},
	Title = {Introduction to Information and Communication Technology in Education},
	Year = {2005}}

@book{R08,
	Author = {James Ong and Sowmya Ramachandram},
	Date-Added = {2012-12-17 08:57:15 +0000},
	Date-Modified = {2013-03-21 22:51:33 +0000},
	Journal = {Stottler Henke Associates Inc.},
	Publisher = {Stottler Henke Associates Inc.},
	Read = {1},
	Title = {Intelligent Tutoring Systems: Using AI to improve Training Performance and ROI},
	Year = {2003}}

@incollection{R07,
	Author = {Alfred Bork and Carole A. Bagley and Xiwen Zhang},
	Booktitle = {Michael Allen's 2008 e-Learning Annual},
	Date-Added = {2012-12-17 08:55:24 +0000},
	Date-Modified = {2013-03-21 23:09:52 +0000},
	Publisher = {J-B Pfeiffer Annual Looseleaf},
	Read = {1},
	Title = {Technology and Learning: A proposal for Adaptive Learning Tutorial},
	Volume = {11},
	Year = {2008}}

@article{R05,
	Author = {D. Randy Garrison and Heather Kanuka},
	Date-Added = {2012-12-16 18:59:23 +0000},
	Date-Modified = {2013-03-21 23:02:37 +0000},
	Journal = {The Internet and Higher Education},
	Number = {2},
	Pages = {95-105},
	Read = {1},
	Title = {Blended learning: Uncovering its transformative potential in higher education},
	Volume = {7},
	Year = {2004}}

@article{R04,
	Author = {Charles D. Dziuban and Joel L. Hartman and Patsy D. Moskal},
	Date-Added = {2012-12-16 18:57:49 +0000},
	Date-Modified = {2013-03-21 23:04:49 +0000},
	Journal = {Educase Connect},
	Read = {1},
	Title = {Blended Learning},
	Year = {2004}}

@book{R03,
	Author = {Michael Graham Moore},
	Date-Added = {2012-12-16 18:54:58 +0000},
	Date-Modified = {2012-12-17 09:14:34 +0000},
	Publisher = {Lawrence Erlbaum Associates},
	Read = {1},
	Title = {Handbook of Distance Education},
	Year = {2003}}

@book{R02,
	Author = {Willam Horton and Catherine Horton},
	Date-Added = {2012-12-16 18:53:55 +0000},
	Date-Modified = {2012-12-17 09:50:40 +0000},
	Publisher = {Wiley},
	Read = {1},
	Title = {E-Learning Tools and Technologies},
	Year = {2003}}

@article{R01,
	Author = {Zongmin Ma},
	Date-Added = {2012-12-16 18:52:48 +0000},
	Date-Modified = {2013-01-14 18:48:49 +0000},
	Journal = {Information Science Publishing},
	Read = {1},
	Title = {Web-Based Intelligent E-Learning Systems: Technologies and Applications},
	Year = {2006}}

@book{MIS-DigitalFirm,
	Date-Added = {2012-12-16 17:10:02 +0000},
	Date-Modified = {2012-12-17 09:14:51 +0000},
	Edition = {9th},
	Publisher = {Prentice Hall},
	Read = {1},
	Title = {Management Information System: Managing the Digital Firm},
	Year = {2006},
	Bdsk-File-1 = {YnBsaXN0MDDUAQIDBAUIJidUJHRvcFgkb2JqZWN0c1gkdmVyc2lvblkkYXJjaGl2ZXLRBgdUcm9vdIABqAkKFRYXGyIjVSRudWxs0wsMDQ4RElpOUy5vYmplY3RzViRjbGFzc1dOUy5rZXlzog8QgASABoAHohMUgAKAA1lhbGlhc0RhdGFccmVsYXRpdmVQYXRo0hgMGRpXTlMuZGF0YU8RA1wAAAAAA1wAAgAADE1hY2ludG9zaCBIRAAAAAAAAAAAAAAAAAAAAMl5skhIKwAAAFusJx9NYW5hZ2VtZW50IGluZm9ybWF0aSM1QkFDMjkucGRmAAAAAAAAAAAAAAAAAAAAAAAAAAAAAAAAAAAAAAAAAAAAW6wpy2LPbgAAAAAAAAAAAAQADgAACSAAAAAAAAAAAAAAAAAAAAABMgAAEAAIAADJeZYoAAAAEQAIAADLYrNOAAAAAQA8AFusJwBbrCYAW6uNAFtk+wBa8FkAWuv7AFrr+gBa6/cAWuv2AFrr8wBa6Q0ACaPeAAh85wAIfOYAAJftAAIA0U1hY2ludG9zaCBIRDpVc2VyczoAaGFpdGhhbToATGlicmFyeToATWFpbDoAVjI6AElNQVAtaEBoZWxnaGFyZWViLm5lIzVBRUJGMy5jb206AFtHbWFpbF0ubWJveDoAQWxsIE1haWwubWJveDoAQzc2Q0Q4MjctQUExRC00MDIyLUIwRTAtIzVBRUJGQToARGF0YToANjoANjoAQXR0YWNobWVudHM6ADY2MjEyOgAyOgBNYW5hZ2VtZW50IGluZm9ybWF0aSM1QkFDMjkucGRmAAAOAH4APgBNAGEAbgBhAGcAZQBtAGUAbgB0ACAAaQBuAGYAbwByAG0AYQB0AGkAbwBuACAAUwB5AHMAdABlAG0ALAAgAE0AYQBuAG4AYQBnAGkAbgBnACAAdABoAGUAIABkAGkAZwBpAHQAaQBhAGwAIABmAGkAcgBtAC4AcABkAGYADwAaAAwATQBhAGMAaQBuAHQAbwBzAGgAIABIAEQAEgDeVXNlcnMvaGFpdGhhbS9MaWJyYXJ5L01haWwvVjIvSU1BUC1oQGhlbGdoYXJlZWIubmV0QGltYXAuZ21haWwuY29tL1tHbWFpbF0ubWJveC9BbGwgTWFpbC5tYm94L0M3NkNEODI3LUFBMUQtNDAyMi1CMEUwLUYzQkM0RUUwQkIxOC9EYXRhLzYvNi9BdHRhY2htZW50cy82NjIxMi8yL01hbmFnZW1lbnQgaW5mb3JtYXRpb24gU3lzdGVtLCBNYW5uYWdpbmcgdGhlIGRpZ2l0aWFsIGZpcm0ucGRmABMAAS8AABUAAgAO//8AAIAF0hwdHh9YJGNsYXNzZXNaJGNsYXNzbmFtZaMfICFdTlNNdXRhYmxlRGF0YVZOU0RhdGFYTlNPYmplY3RfENwuLi8uLi8uLi8uLi9MaWJyYXJ5L01haWwvVjIvSU1BUC1oQGhlbGdoYXJlZWIubmV0QGltYXAuZ21haWwuY29tL1tHbWFpbF0ubWJveC9BbGwgTWFpbC5tYm94L0M3NkNEODI3LUFBMUQtNDAyMi1CMEUwLUYzQkM0RUUwQkIxOC9EYXRhLzYvNi9BdHRhY2htZW50cy82NjIxMi8yL01hbmFnZW1lbnQgaW5mb3JtYXRpb24gU3lzdGVtLCBNYW5uYWdpbmcgdGhlIGRpZ2l0aWFsIGZpcm0ucGRm0hwdJCWiJSFcTlNEaWN0aW9uYXJ5EgABhqBfEA9OU0tleWVkQXJjaGl2ZXIACAARABYAHwAoADIANQA6ADwARQBLAFIAXQBkAGwAbwBxAHMAdQB4AHoAfACGAJMAmACgBAAEAgQHBBAEGwQfBC0ENAQ9BRwFIQUkBTEFNgAAAAAAAAIBAAAAAAAAACgAAAAAAAAAAAAAAAAAAAVI}}
